<DATE>;<TIME>;<LAST>;<VOL>;<ID>;<OPER>
20240201;095942;202.750000000;30;9500979594;S
20240201;095942;202.750000000;220;9500979595;B
20240201;095942;202.750000000;10;9500979596;B
20240201;095942;202.750000000;30;9500979597;B
20240201;095942;202.750000000;250;9500979598;B
20240201;095942;202.750000000;500;9500979599;B
20240201;095942;202.750000000;10;9500979600;B
20240201;095942;202.750000000;500;9500979601;B
20240201;095942;202.750000000;30;9500979602;S
20240201;095942;202.750000000;10;9500979603;B
20240201;095942;202.750000000;40;9500979604;B
20240201;095942;202.750000000;350;9500979605;B
20240201;095942;202.750000000;10;9500979606;B
20240201;095942;202.750000000;3290;9500979607;B
20240201;095942;202.750000000;100;9500979608;B
20240201;095942;202.750000000;10;9500979609;B
20240201;095942;202.750000000;10;9500979610;B
20240201;095942;202.750000000;10;9500979611;B
20240201;095942;202.750000000;580;9500979612;B
20240201;095942;202.750000000;20;9500979613;S
20240201;095942;202.750000000;30;9500979614;S
20240201;095942;202.750000000;20;9500979615;S
20240201;095942;202.750000000;10;9500979616;S
20240201;095942;202.750000000;20;9500979617;S
20240201;095942;202.750000000;10;9500979618;S
20240201;095942;202.750000000;10;9500979619;S
20240201;095942;202.750000000;20;9500979620;S
20240201;095942;202.750000000;430;9500979621;S
20240201;095942;202.750000000;10;9500979622;S
20240201;095942;202.750000000;190;9500979623;S
20240201;095942;202.750000000;10;9500979624;S
20240201;095942;202.750000000;10;9500979625;B
20240201;100004;202.700000000;10;9500987766;S
20240201;100004;202.750000000;100;9500988019;B
20240201;100004;202.750000000;50;9500988300;B
20240201;100004;202.750000000;10;9500988342;B
20240201;100004;202.750000000;10;9500988379;B
20240201;100005;202.750000000;10;9500989848;B
20240201;100006;202.700000000;10;9500990018;S
20240201;100006;202.700000000;10;9500990019;S
20240201;100006;202.700000000;20;9500990020;S
20240201;100006;202.690000000;30;9500990021;S
20240201;100006;202.680000000;30;9500990022;S
20240201;100006;202.600000000;60;9500990023;S
20240201;100006;202.600000000;890;9500990024;S
20240201;100006;202.600000000;450;9500990025;S
20240201;100006;202.630000000;430;9500990233;S
20240201;100006;202.630000000;20;9500990323;S
20240201;100006;202.510000000;10;9500990601;S
20240201;100006;202.530000000;20;9500990718;S
20240201;100007;202.730000000;10;9500991014;B
20240201;100007;202.550000000;10;9500991238;S
20240201;100007;202.550000000;10;9500991239;S
20240201;100007;202.740000000;10;9500991240;B
20240201;100010;202.530000000;10;9500992007;S
20240201;100010;202.750000000;10;9500992149;B
20240201;100010;202.740000000;10;9500992241;B
20240201;100015;202.750000000;90;9500993476;B
20240201;100021;202.670000000;30;9500994851;S
20240201;100022;202.750000000;10;9500995031;B
20240201;100028;202.640000000;610;9500996382;S
20240201;100031;202.590000000;80;9500996960;S
20240201;100033;202.630000000;20;9500997375;B
20240201;100033;202.750000000;180;9500997376;B
20240201;100033;202.750000000;100;9500997377;B
20240201;100034;202.750000000;10;9500997425;B
20240201;100035;202.750000000;50;9500997588;B
20240201;100035;202.770000000;70;9500997589;B
20240201;100035;202.800000000;10;9500997590;B
20240201;100035;202.820000000;10;9500997591;B
20240201;100035;202.820000000;100;9500997592;B
20240201;100035;202.820000000;340;9500997593;B
20240201;100035;202.820000000;660;9500997594;B
20240201;100035;202.910000000;290;9500997595;B
20240201;100035;202.910000000;270;9500997596;B
20240201;100036;202.880000000;910;9500997752;B
20240201;100036;202.890000000;980;9500997753;B
20240201;100036;202.920000000;10;9500997754;B
20240201;100036;202.920000000;30;9500997755;B
20240201;100036;202.920000000;30;9500997756;B
20240201;100036;202.920000000;30;9500997757;B
20240201;100036;202.990000000;630;9500997758;B
20240201;100036;202.640000000;10;9500997760;S
20240201;100036;202.740000000;10;9500997843;S
20240201;100036;202.950000000;10;9500997902;B
20240201;100038;202.950000000;100;9500998247;B
20240201;100042;202.770000000;10;9500998929;S
20240201;100043;202.770000000;10;9500999079;S
20240201;100044;202.770000000;20;9500999297;S
20240201;100044;202.950000000;10;9500999399;B
20240201;100048;202.770000000;10;9501000234;S
20240201;100049;202.950000000;20;9501000263;B
20240201;100049;202.950000000;10;9501000270;B
20240201;100049;202.950000000;10;9501000339;B
20240201;100052;202.780000000;10;9501000813;S
20240201;100055;202.990000000;50;9501001912;B
20240201;100101;202.840000000;10;9501003411;S
20240201;100101;202.820000000;100;9501003412;S
20240201;100124;202.820000000;10;9501007433;S
20240201;100124;202.800000000;10;9501007434;S
20240201;100124;202.780000000;80;9501007435;S
20240201;100124;202.740000000;10;9501007436;S
20240201;100124;202.720000000;30;9501007437;S
20240201;100124;202.680000000;10;9501007438;S
20240201;100124;202.650000000;440;9501007439;S
20240201;100125;202.980000000;10;9501007570;B
20240201;100133;202.700000000;10;9501009827;S
20240201;100133;202.690000000;40;9501009828;S
20240201;100134;202.960000000;20;9501009950;B
20240201;100134;202.970000000;40;9501009951;B
20240201;100144;202.950000000;10;9501011555;S
20240201;100144;202.990000000;150;9501011615;B
20240201;100147;202.900000000;40;9501012002;S
20240201;100149;202.900000000;10;9501012196;B
20240201;100149;202.900000000;10;9501012268;B
20240201;100150;202.980000000;30;9501012379;S
20240201;100152;202.980000000;10;9501012822;S
20240201;100154;202.980000000;10;9501013089;S
20240201;100156;202.980000000;30;9501013285;S
20240201;100206;202.990000000;100;9501015039;B
20240201;100206;202.990000000;10;9501015046;B
20240201;100220;202.990000000;30;9501017253;B
20240201;100221;202.990000000;10;9501017573;B
20240201;100222;202.980000000;10;9501017867;S
20240201;100223;202.990000000;10;9501018155;B
20240201;100223;202.990000000;10;9501018156;B
20240201;100228;202.990000000;210;9501019080;B
20240201;100228;202.990000000;10;9501019081;B
20240201;100239;202.990000000;40;9501020787;S
20240201;100246;203.000000000;10;9501021811;B
20240201;100246;203.000000000;40;9501021872;B
20240201;100246;203.000000000;40;9501021873;B
20240201;100246;203.000000000;20;9501021874;B
20240201;100246;203.000000000;600;9501021925;B
20240201;100246;203.000000000;940;9501021933;B
20240201;100247;203.000000000;300;9501021960;B
20240201;100247;203.000000000;10;9501021976;B
20240201;100247;202.990000000;10;9501021979;S
20240201;100249;203.000000000;10;9501022287;B
20240201;100256;202.990000000;10;9501023155;S
20240201;100257;203.000000000;10;9501023343;B
20240201;100259;202.990000000;10;9501023631;S
20240201;100300;202.990000000;50;9501023741;S
20240201;100305;203.000000000;10;9501024354;B
20240201;100311;203.000000000;50;9501025182;B
20240201;100313;202.990000000;60;9501025430;S
20240201;100315;203.000000000;280;9501026304;B
20240201;100317;202.990000000;50;9501026905;S
20240201;100318;203.000000000;80;9501027071;B
20240201;100323;203.000000000;20;9501027818;B
20240201;100325;203.000000000;10;9501028217;B
20240201;100329;203.000000000;280;9501028795;B
20240201;100335;203.000000000;20;9501029633;B
20240201;100336;203.000000000;10;9501029788;B
20240201;100346;203.000000000;1620;9501031321;B
20240201;100347;203.000000000;70;9501031466;B
20240201;100350;203.000000000;660;9501032654;B
20240201;100350;203.000000000;90;9501032655;B
20240201;100350;203.000000000;10;9501032656;B
20240201;100350;203.000000000;10;9501032657;B
20240201;100350;203.010000000;30;9501032658;B
20240201;100350;203.020000000;450;9501032659;B
20240201;100350;203.030000000;80;9501032660;B
20240201;100350;203.140000000;10;9501032661;B
20240201;100350;203.150000000;150;9501032662;B
20240201;100350;203.160000000;230;9501032663;B
20240201;100351;203.100000000;100;9501032982;S
20240201;100351;203.090000000;100;9501033022;S
20240201;100353;203.070000000;90;9501033862;S
20240201;100353;203.080000000;90;9501033938;S
20240201;100357;203.150000000;10;9501034499;B
20240201;100359;203.150000000;10;9501035032;B
20240201;100359;203.160000000;10;9501035033;B
20240201;100400;203.080000000;10;9501035101;S
20240201;100401;203.080000000;10;9501035316;S
20240201;100402;203.160000000;90;9501035376;B
20240201;100402;203.160000000;90;9501035377;B
20240201;100402;203.160000000;420;9501035378;B
20240201;100402;203.160000000;30;9501035582;B
20240201;100404;203.160000000;100;9501035805;B
20240201;100405;203.090000000;20;9501035950;S
20240201;100406;203.150000000;10;9501036196;B
20240201;100410;203.150000000;10;9501036767;B
20240201;100410;203.160000000;40;9501036768;B
20240201;100410;203.170000000;80;9501036769;B
20240201;100412;203.150000000;10;9501037119;S
20240201;100412;203.140000000;200;9501037120;B
20240201;100412;203.170000000;10;9501037232;B
20240201;100413;203.170000000;10;9501037291;B
20240201;100413;203.170000000;10;9501037297;B
20240201;100413;203.170000000;10;9501037318;B
20240201;100413;203.140000000;200;9501037326;B
20240201;100413;203.170000000;10;9501037343;B
20240201;100414;203.130000000;90;9501037480;S
20240201;100414;203.130000000;10;9501037481;S
20240201;100418;203.090000000;180;9501038294;S
20240201;100418;203.090000000;430;9501038295;S
20240201;100418;203.090000000;50;9501038335;S
20240201;100419;203.160000000;180;9501038739;B
20240201;100419;203.170000000;370;9501038740;B
20240201;100419;203.170000000;80;9501038741;B
20240201;100419;203.180000000;410;9501038742;B
20240201;100419;203.220000000;1000;9501038743;B
20240201;100419;203.220000000;10;9501038744;B
20240201;100419;203.220000000;20;9501038745;B
20240201;100419;203.220000000;10;9501038746;B
20240201;100419;203.230000000;300;9501038747;B
20240201;100419;203.280000000;140;9501038748;B
20240201;100419;203.290000000;1160;9501038749;B
20240201;100419;203.300000000;500;9501038750;B
20240201;100419;203.310000000;820;9501038751;B
20240201;100420;203.300000000;10;9501038773;B
20240201;100420;203.210000000;100;9501038973;S
20240201;100422;203.260000000;30;9501039282;B
20240201;100422;203.280000000;100;9501039283;B
20240201;100422;203.290000000;70;9501039284;B
20240201;100422;203.290000000;380;9501039285;B
20240201;100422;203.300000000;70;9501039286;B
20240201;100422;203.310000000;110;9501039287;B
20240201;100422;203.310000000;30;9501039288;B
20240201;100422;203.310000000;980;9501039289;B
20240201;100422;203.340000000;10;9501039290;B
20240201;100422;203.350000000;10;9501039291;B
20240201;100422;203.360000000;40;9501039292;B
20240201;100422;203.360000000;30;9501039293;B
20240201;100422;203.370000000;140;9501039294;B
20240201;100423;203.250000000;100;9501039615;S
20240201;100424;203.340000000;70;9501039741;B
20240201;100424;203.340000000;180;9501039742;B
20240201;100430;203.310000000;20;9501040708;B
20240201;100430;203.300000000;10;9501040808;S
20240201;100430;203.280000000;30;9501040809;S
20240201;100436;203.300000000;50;9501041797;B
20240201;100436;203.310000000;50;9501041798;B
20240201;100436;203.310000000;100;9501041799;B
20240201;100436;203.320000000;50;9501041800;B
20240201;100436;203.330000000;230;9501041801;B
20240201;100436;203.360000000;980;9501041802;B
20240201;100436;203.370000000;360;9501041803;B
20240201;100436;203.400000000;280;9501041804;B
20240201;100436;203.400000000;200;9501041805;B
20240201;100436;203.440000000;40;9501041806;B
20240201;100436;203.460000000;90;9501041807;B
20240201;100436;203.470000000;70;9501041808;B
20240201;100437;203.440000000;20;9501041872;B
20240201;100442;203.430000000;10;9501042706;B
20240201;100442;203.430000000;10;9501042707;B
20240201;100442;203.450000000;50;9501042708;B
20240201;100442;203.450000000;30;9501042709;B
20240201;100443;203.360000000;40;9501042945;S
20240201;100446;203.430000000;140;9501043275;B
20240201;100451;203.430000000;20;9501044107;B
20240201;100455;203.430000000;40;9501044924;B
20240201;100455;203.450000000;50;9501044925;B
20240201;100455;203.450000000;60;9501044926;B
20240201;100456;203.430000000;510;9501045124;B
20240201;100456;203.440000000;720;9501045125;B
20240201;100456;203.440000000;50;9501045126;B
20240201;100456;203.460000000;980;9501045127;B
20240201;100456;203.480000000;20;9501045128;B
20240201;100456;203.490000000;10;9501045129;B
20240201;100456;203.500000000;90;9501045130;B
20240201;100456;203.500000000;3500;9501045131;B
20240201;100456;203.530000000;160;9501045132;B
20240201;100456;203.450000000;120;9501045140;B
20240201;100458;203.490000000;10;9501045454;B
20240201;100458;203.490000000;10;9501045511;B
20240201;100502;203.480000000;10;9501045994;B
20240201;100502;203.490000000;40;9501045995;B
20240201;100502;203.490000000;10;9501045996;B
20240201;100502;203.500000000;10;9501045997;B
20240201;100502;203.500000000;130;9501045998;B
20240201;100502;203.480000000;10;9501046125;S
20240201;100502;203.410000000;90;9501046126;S
20240201;100503;203.410000000;10;9501046260;S
20240201;100511;203.410000000;10;9501047318;B
20240201;100512;203.420000000;10;9501047565;B
20240201;100514;203.400000000;10;9501047878;S
20240201;100514;203.400000000;10;9501047879;S
20240201;100516;203.380000000;50;9501048175;B
20240201;100517;203.380000000;10;9501048373;B
20240201;100518;203.370000000;20;9501048535;S
20240201;100518;203.350000000;40;9501048536;S
20240201;100518;203.340000000;140;9501048537;S
20240201;100521;203.360000000;10;9501048936;B
20240201;100521;203.370000000;10;9501048986;B
20240201;100552;203.340000000;20;9501053139;B
20240201;100552;203.300000000;10;9501053246;S
20240201;100552;203.300000000;30;9501053247;S
20240201;100552;203.260000000;30;9501053248;S
20240201;100552;203.250000000;80;9501053249;S
20240201;100552;203.250000000;20;9501053250;S
20240201;100552;203.240000000;180;9501053251;S
20240201;100552;203.200000000;50;9501053252;S
20240201;100552;203.200000000;1940;9501053253;B
20240201;100552;203.190000000;30;9501053254;S
20240201;100553;203.190000000;70;9501053339;S
20240201;100553;203.190000000;200;9501053340;S
20240201;100553;203.180000000;10;9501053348;S
20240201;100554;203.170000000;20;9501053501;S
20240201;100554;203.170000000;30;9501053503;S
20240201;100556;203.170000000;10;9501053941;B
20240201;100606;203.170000000;10;9501055344;B
20240201;100608;203.100000000;40;9501055503;S
20240201;100608;203.090000000;30;9501055504;S
20240201;100608;203.080000000;10;9501055505;S
20240201;100608;203.080000000;40;9501055506;S
20240201;100608;203.060000000;40;9501055507;S
20240201;100608;203.050000000;50;9501055508;S
20240201;100608;203.060000000;30;9501055544;S
20240201;100609;203.060000000;10;9501055665;S
20240201;100615;203.060000000;10;9501056868;S
20240201;100615;203.040000000;30;9501056869;S
20240201;100615;203.040000000;30;9501056870;S
20240201;100617;203.150000000;180;9501057184;B
20240201;100617;203.150000000;30;9501057185;B
20240201;100617;203.160000000;490;9501057186;B
20240201;100617;203.170000000;10;9501057187;B
20240201;100617;203.180000000;40;9501057188;B
20240201;100617;203.200000000;530;9501057189;B
20240201;100617;203.210000000;500;9501057190;B
20240201;100617;203.220000000;40;9501057191;B
20240201;100617;203.270000000;40;9501057192;B
20240201;100617;203.280000000;40;9501057193;B
20240201;100617;203.280000000;80;9501057194;B
20240201;100617;203.290000000;500;9501057195;B
20240201;100617;203.300000000;1010;9501057196;B
20240201;100617;203.350000000;400;9501057197;B
20240201;100617;203.360000000;520;9501057198;B
20240201;100617;203.370000000;150;9501057199;B
20240201;100617;203.380000000;100;9501057200;B
20240201;100617;203.390000000;350;9501057201;B
20240201;100618;203.350000000;30;9501057204;B
20240201;100628;203.340000000;10;9501058648;B
20240201;100639;203.230000000;10;9501060298;S
20240201;100639;203.220000000;180;9501060299;S
20240201;100639;203.220000000;30;9501060300;S
20240201;100639;203.200000000;10;9501060301;S
20240201;100639;203.200000000;20;9501060302;S
20240201;100639;203.190000000;1040;9501060303;S
20240201;100640;203.190000000;400;9501060382;S
20240201;100654;203.220000000;10;9501062610;B
20240201;100701;203.220000000;20;9501063600;B
20240201;100706;203.180000000;10;9501064277;S
20240201;100713;203.220000000;90;9501065315;B
20240201;100720;203.180000000;20;9501066178;S
20240201;100721;203.160000000;30;9501066322;S
20240201;100721;203.150000000;100;9501066323;S
20240201;100721;203.110000000;50;9501066324;S
20240201;100721;203.100000000;500;9501066325;S
20240201;100721;203.070000000;180;9501066326;S
20240201;100721;203.070000000;340;9501066327;S
20240201;100721;203.070000000;300;9501066328;S
20240201;100721;203.060000000;980;9501066329;S
20240201;100721;203.030000000;20;9501066330;S
20240201;100721;203.030000000;100;9501066331;S
20240201;100721;203.040000000;60;9501066332;S
20240201;100721;203.050000000;30;9501066380;S
20240201;100725;203.170000000;20;9501066935;B
20240201;100727;203.160000000;10;9501067209;S
20240201;100728;203.080000000;30;9501067351;S
20240201;100728;203.060000000;30;9501067352;S
20240201;100728;203.060000000;40;9501067353;S
20240201;100730;203.060000000;10;9501067475;S
20240201;100730;203.170000000;50;9501067511;B
20240201;100730;203.060000000;50;9501067591;S
20240201;100737;203.170000000;100;9501068600;B
20240201;100740;203.070000000;20;9501068984;S
20240201;100740;203.070000000;480;9501068985;S
20240201;100742;203.080000000;10;9501069278;S
20240201;100746;203.080000000;10;9501070198;S
20240201;100746;203.080000000;40;9501070199;S
20240201;100747;203.160000000;10;9501070398;B
20240201;100749;203.060000000;10;9501070723;S
20240201;100749;203.060000000;150;9501070724;S
20240201;100814;203.120000000;10;9501074687;B
20240201;100820;203.130000000;10;9501075630;B
20240201;100831;203.140000000;10;9501077191;B
20240201;100832;203.150000000;10;9501077354;B
20240201;100832;203.170000000;10;9501077355;B
20240201;100834;203.180000000;30;9501077662;B
20240201;100834;203.190000000;180;9501077663;B
20240201;100834;203.200000000;30;9501077664;B
20240201;100834;203.220000000;150;9501077665;B
20240201;100834;203.220000000;100;9501077666;B
20240201;100834;203.230000000;180;9501077748;B
20240201;100834;203.240000000;90;9501077749;B
20240201;100834;203.250000000;100;9501077750;B
20240201;100834;203.250000000;30;9501077751;B
20240201;100834;203.260000000;120;9501077752;B
20240201;100839;203.250000000;30;9501078527;B
20240201;100839;203.260000000;10;9501078528;B
20240201;100839;203.270000000;190;9501078529;B
20240201;100848;203.270000000;610;9501080355;B
20240201;100848;203.270000000;30;9501080356;B
20240201;100858;203.320000000;10;9501081843;B
20240201;100858;203.320000000;30;9501081986;B
20240201;100905;203.280000000;100;9501083022;B
20240201;100905;203.310000000;30;9501083023;B
20240201;100905;203.320000000;10;9501083024;B
20240201;100905;203.320000000;160;9501083025;B
20240201;100905;203.330000000;10;9501083026;B
20240201;100905;203.330000000;10;9501083027;B
20240201;100905;203.330000000;410;9501083028;B
20240201;100905;203.270000000;200;9501083186;S
20240201;100910;203.280000000;10;9501083924;S
20240201;100910;203.330000000;20;9501083959;B
20240201;100911;203.270000000;80;9501084057;S
20240201;100912;203.270000000;1500;9501084350;S
20240201;100912;203.320000000;10;9501084426;B
20240201;100912;203.330000000;20;9501084427;B
20240201;100913;203.270000000;1440;9501084584;S
20240201;100913;203.270000000;30;9501084585;S
20240201;100913;203.240000000;180;9501084586;S
20240201;100913;203.210000000;500;9501084587;S
20240201;100913;203.150000000;850;9501084588;S
20240201;100914;203.290000000;10;9501084764;S
20240201;100915;203.290000000;20;9501084856;B
20240201;100915;203.290000000;20;9501084923;B
20240201;100924;203.170000000;10;9501086088;S
20240201;100924;203.170000000;20;9501086089;S
20240201;100925;203.160000000;10;9501086308;S
20240201;100934;203.290000000;140;9501087979;B
20240201;100934;203.290000000;100;9501087980;B
20240201;100934;203.300000000;10;9501087981;B
20240201;100941;203.200000000;50;9501089397;S
20240201;100946;203.300000000;10;9501090270;B
20240201;100950;203.210000000;10;9501091019;S
20240201;100950;203.210000000;90;9501091078;B
20240201;100957;203.260000000;30;9501092183;B
20240201;100957;203.260000000;10;9501092184;B
20240201;100957;203.270000000;10;9501092185;B
20240201;100957;203.270000000;100;9501092186;B
20240201;100957;203.270000000;150;9501092187;B
20240201;100957;203.270000000;10;9501092188;B
20240201;100957;203.290000000;10;9501092189;B
20240201;101002;203.290000000;200;9501092988;S
20240201;101011;203.290000000;20;9501094298;S
20240201;101014;203.300000000;10;9501094810;B
20240201;101014;203.300000000;50;9501094811;B
20240201;101014;203.300000000;20;9501094812;B
20240201;101014;203.300000000;20;9501094813;B
20240201;101016;203.300000000;100;9501095420;B
20240201;101019;203.290000000;100;9501096414;S
20240201;101028;203.290000000;10;9501097615;S
20240201;101028;203.290000000;20;9501097646;S
20240201;101030;203.290000000;500;9501097945;S
20240201;101031;203.290000000;80;9501098005;S
20240201;101034;203.300000000;10;9501098408;B
20240201;101036;203.300000000;10;9501098793;S
20240201;101036;203.300000000;10;9501098794;S
20240201;101038;203.300000000;700;9501098987;S
20240201;101039;203.290000000;10;9501099145;S
20240201;101049;203.290000000;10;9501100650;S
20240201;101054;203.290000000;50;9501101139;S
20240201;101056;203.300000000;100;9501101500;B
20240201;101102;203.300000000;50;9501102263;B
20240201;101104;203.300000000;10;9501102516;B
20240201;101104;203.300000000;100;9501102537;B
20240201;101105;203.290000000;310;9501102766;S
20240201;101105;203.290000000;220;9501102767;S
20240201;101106;203.290000000;10;9501102833;S
20240201;101109;203.300000000;20;9501103403;B
20240201;101109;203.290000000;20;9501103404;S
20240201;101110;203.290000000;10;9501103560;S
20240201;101112;203.300000000;110;9501103755;B
20240201;101112;203.290000000;150;9501103860;S
20240201;101114;203.290000000;10;9501104201;S
20240201;101116;203.290000000;20;9501104623;S
20240201;101120;203.300000000;10;9501105208;B
20240201;101123;203.290000000;100;9501105676;S
20240201;101127;203.290000000;100;9501106208;S
20240201;101128;203.290000000;100;9501106402;S
20240201;101130;203.300000000;10;9501106725;B
20240201;101131;203.290000000;220;9501106937;S
20240201;101132;203.290000000;1900;9501107051;S
20240201;101134;203.300000000;90;9501107286;B
20240201;101134;203.300000000;10;9501107287;B
20240201;101136;203.290000000;20;9501107491;S
20240201;101137;203.290000000;150;9501107519;S
20240201;101137;203.290000000;10;9501107520;S
20240201;101137;203.290000000;10;9501107613;S
20240201;101140;203.290000000;50;9501108068;S
20240201;101142;203.300000000;10;9501108301;B
20240201;101145;203.290000000;10;9501108650;S
20240201;101145;203.290000000;10;9501108651;S
20240201;101146;203.290000000;10;9501108812;S
20240201;101147;203.290000000;10;9501108989;S
20240201;101148;203.290000000;910;9501109123;S
20240201;101148;203.290000000;10;9501109124;S
20240201;101150;203.300000000;10;9501109672;B
20240201;101151;203.290000000;250;9501110287;S
20240201;101155;203.290000000;10;9501110913;S
20240201;101156;203.290000000;2840;9501111201;S
20240201;101158;203.290000000;100;9501111599;S
20240201;101201;203.300000000;20;9501112046;B
20240201;101202;203.290000000;100;9501112209;S
20240201;101208;203.290000000;10;9501113047;S
20240201;101208;203.290000000;50;9501113094;S
20240201;101209;203.290000000;10;9501113132;S
20240201;101209;203.290000000;20;9501113144;S
20240201;101209;203.290000000;10;9501113145;S
20240201;101213;203.300000000;100;9501113754;B
20240201;101214;203.300000000;1000;9501113865;B
20240201;101216;203.290000000;190;9501114110;S
20240201;101216;203.290000000;60;9501114111;S
20240201;101216;203.290000000;30;9501114112;S
20240201;101216;203.290000000;10;9501114113;S
20240201;101216;203.290000000;20;9501114114;S
20240201;101216;203.290000000;20;9501114115;S
20240201;101216;203.290000000;40;9501114116;S
20240201;101216;203.290000000;30;9501114117;S
20240201;101216;203.260000000;100;9501114118;S
20240201;101216;203.250000000;20;9501114119;S
20240201;101216;203.250000000;10;9501114120;S
20240201;101216;203.230000000;130;9501114121;S
20240201;101216;203.210000000;30;9501114156;S
20240201;101222;203.260000000;210;9501114852;B
20240201;101222;203.280000000;130;9501114853;B
20240201;101222;203.280000000;660;9501114854;B
20240201;101223;203.220000000;10;9501115129;S
20240201;101238;203.260000000;50;9501117127;B
20240201;101240;203.210000000;70;9501117381;S
20240201;101241;203.200000000;10;9501117427;S
20240201;101243;203.220000000;10;9501117745;B
20240201;101243;203.250000000;20;9501117746;B
20240201;101244;203.180000000;180;9501117784;S
20240201;101244;203.170000000;100;9501117785;S
20240201;101244;203.140000000;10;9501117786;S
20240201;101244;203.140000000;200;9501117787;S
20240201;101244;203.130000000;30;9501117788;S
20240201;101244;203.240000000;100;9501117789;B
20240201;101244;203.140000000;10;9501117803;S
20240201;101245;203.140000000;50;9501117858;S
20240201;101250;203.230000000;50;9501118526;B
20240201;101250;203.230000000;10;9501118527;B
20240201;101250;203.240000000;80;9501118528;B
20240201;101250;203.240000000;200;9501118529;B
20240201;101250;203.250000000;30;9501118530;B
20240201;101250;203.250000000;630;9501118531;B
20240201;101301;203.230000000;40;9501119930;B
20240201;101312;203.230000000;10;9501121258;B
20240201;101315;203.160000000;10;9501121781;S
20240201;101315;203.150000000;50;9501121782;S
20240201;101315;203.150000000;50;9501121783;S
20240201;101315;203.140000000;180;9501121784;S
20240201;101315;203.140000000;40;9501121785;S
20240201;101315;203.130000000;20;9501121786;S
20240201;101315;203.120000000;70;9501121787;S
20240201;101317;203.210000000;60;9501122013;B
20240201;101317;203.220000000;190;9501122014;B
20240201;101317;203.230000000;10;9501122015;B
20240201;101317;203.230000000;500;9501122016;B
20240201;101317;203.270000000;90;9501122017;B
20240201;101317;203.280000000;1150;9501122018;B
20240201;101317;203.280000000;10;9501122019;B
20240201;101317;203.280000000;10;9501122020;B
20240201;101317;203.290000000;2980;9501122021;B
20240201;101320;203.230000000;30;9501122199;B
20240201;101329;203.220000000;10;9501123501;B
20240201;101329;203.220000000;80;9501123502;B
20240201;101342;203.220000000;10;9501124882;B
20240201;101343;203.220000000;10;9501124974;B
20240201;101403;203.210000000;10;9501127372;B
20240201;101407;203.140000000;10;9501128087;S
20240201;101408;203.210000000;10;9501128241;B
20240201;101414;203.140000000;30;9501129299;S
20240201;101418;203.210000000;10;9501129879;B
20240201;101418;203.140000000;10;9501129880;S
20240201;101418;203.140000000;20;9501129881;S
20240201;101428;203.130000000;10;9501131236;S
20240201;101431;203.190000000;10;9501131629;B
20240201;101440;203.200000000;150;9501132585;B
20240201;101447;203.210000000;10;9501133478;B
20240201;101447;203.210000000;90;9501133479;B
20240201;101450;203.200000000;40;9501134033;S
20240201;101452;203.200000000;70;9501134188;S
20240201;101459;203.220000000;10;9501135076;B
20240201;101507;203.220000000;340;9501136621;B
20240201;101507;203.220000000;90;9501136622;B
20240201;101507;203.230000000;170;9501136623;B
20240201;101507;203.240000000;900;9501136624;B
20240201;101507;203.250000000;30;9501136625;B
20240201;101507;203.250000000;180;9501136626;B
20240201;101507;203.280000000;50;9501136627;B
20240201;101507;203.280000000;50;9501136628;B
20240201;101507;203.280000000;100;9501136629;B
20240201;101507;203.290000000;550;9501136630;B
20240201;101507;203.290000000;210;9501136631;B
20240201;101507;203.290000000;50;9501136632;B
20240201;101507;203.290000000;110;9501136633;B
20240201;101507;203.290000000;350;9501136634;B
20240201;101507;203.290000000;10;9501136635;B
20240201;101507;203.290000000;130;9501136636;B
20240201;101507;203.290000000;20;9501136637;B
20240201;101507;203.290000000;10;9501136638;B
20240201;101507;203.300000000;22490;9501136639;B
20240201;101523;203.250000000;30;9501139673;S
20240201;101523;203.250000000;10;9501139719;S
20240201;101526;203.300000000;10;9501140270;B
20240201;101533;203.260000000;80;9501141672;B
20240201;101533;203.290000000;20;9501141673;B
20240201;101536;203.270000000;10;9501142241;S
20240201;101536;203.250000000;10;9501142242;S
20240201;101536;203.250000000;10;9501142243;S
20240201;101536;203.250000000;50;9501142244;S
20240201;101536;203.250000000;10;9501142245;S
20240201;101536;203.240000000;70;9501142246;S
20240201;101537;203.240000000;10;9501142292;S
20240201;101539;203.290000000;20;9501142706;S
20240201;101539;203.300000000;10;9501142771;B
20240201;101539;203.290000000;20;9501142793;S
20240201;101543;203.300000000;10;9501143405;B
20240201;101544;203.300000000;10;9501143537;B
20240201;101546;203.290000000;10;9501143870;S
20240201;101547;203.290000000;10;9501144016;S
20240201;101548;203.290000000;10;9501144163;S
20240201;101549;203.300000000;10;9501144214;B
20240201;101550;203.300000000;10;9501144421;B
20240201;101550;203.290000000;10;9501144439;S
20240201;101553;203.290000000;10;9501144799;S
20240201;101553;203.290000000;10;9501145071;S
20240201;101554;203.290000000;10;9501145099;S
20240201;101555;203.290000000;10;9501145399;S
20240201;101556;203.290000000;10;9501145505;S
20240201;101557;203.290000000;10;9501145842;S
20240201;101557;203.290000000;10;9501145899;S
20240201;101559;203.300000000;30;9501146089;B
20240201;101600;203.290000000;60;9501146237;S
20240201;101600;203.290000000;40;9501146238;S
20240201;101605;203.300000000;40;9501147100;B
20240201;101606;203.290000000;10;9501147234;S
20240201;101607;203.290000000;10;9501147473;S
20240201;101607;203.300000000;2000;9501147510;B
20240201;101608;203.300000000;2000;9501147537;B
20240201;101608;203.300000000;2000;9501147581;B
20240201;101610;203.300000000;30;9501147820;B
20240201;101611;203.300000000;10;9501147948;B
20240201;101612;203.300000000;10;9501148095;B
20240201;101612;203.290000000;40;9501148123;S
20240201;101612;203.290000000;100;9501148124;S
20240201;101612;203.290000000;80;9501148125;S
20240201;101612;203.300000000;100;9501148143;B
20240201;101615;203.290000000;10;9501148533;S
20240201;101616;203.300000000;30;9501148883;B
20240201;101617;203.290000000;10;9501149122;S
20240201;101617;203.290000000;100;9501149123;S
20240201;101617;203.290000000;30;9501149124;S
20240201;101617;203.290000000;100;9501149125;B
20240201;101618;203.290000000;30;9501149227;B
20240201;101619;203.290000000;30;9501149357;B
20240201;101624;203.300000000;10;9501150052;B
20240201;101629;203.300000000;10;9501150884;B
20240201;101632;203.280000000;10;9501151397;S
20240201;101632;203.250000000;10;9501151398;S
20240201;101632;203.240000000;20;9501151399;S
20240201;101632;203.220000000;10;9501151400;S
20240201;101632;203.220000000;640;9501151401;S
20240201;101632;203.210000000;20;9501151402;S
20240201;101640;203.220000000;10;9501152886;S
20240201;101643;203.220000000;10;9501153284;S
20240201;101652;203.220000000;10;9501154902;S
20240201;101658;203.220000000;10;9501155874;S
20240201;101659;203.220000000;10;9501156136;S
20240201;101701;203.230000000;20;9501156346;S
20240201;101701;203.230000000;60;9501156347;S
20240201;101701;203.220000000;70;9501156348;S
20240201;101708;203.280000000;10;9501157848;B
20240201;101708;203.290000000;20;9501157849;B
20240201;101708;203.300000000;50;9501157850;B
20240201;101719;203.220000000;540;9501159843;S
20240201;101728;203.290000000;10;9501161733;B
20240201;101728;203.290000000;10;9501161734;B
20240201;101728;203.300000000;20;9501161735;B
20240201;101733;203.280000000;20;9501162705;B
20240201;101733;203.280000000;50;9501162706;B
20240201;101733;203.280000000;100;9501162799;B
20240201;101733;203.280000000;20;9501162805;B
20240201;101737;203.270000000;10;9501163419;S
20240201;101744;203.250000000;10;9501164635;S
20240201;101744;203.260000000;20;9501164654;B
20240201;101745;203.260000000;10;9501164743;B
20240201;101746;203.260000000;210;9501164951;B
20240201;101746;203.280000000;110;9501164952;B
20240201;101746;203.290000000;100;9501164953;B
20240201;101746;203.290000000;230;9501164954;B
20240201;101746;203.300000000;1130;9501164955;B
20240201;101746;203.300000000;2500;9501164956;B
20240201;101746;203.300000000;100;9501164957;B
20240201;101746;203.300000000;1180;9501164958;B
20240201;101746;203.300000000;10;9501164959;B
20240201;101746;203.300000000;20;9501164960;B
20240201;101746;203.300000000;10;9501164961;B
20240201;101746;203.300000000;90;9501164962;B
20240201;101746;203.300000000;10;9501164963;B
20240201;101746;203.300000000;50;9501164964;B
20240201;101746;203.310000000;100;9501164965;B
20240201;101746;203.310000000;10;9501164966;B
20240201;101746;203.320000000;10;9501164967;B
20240201;101746;203.320000000;90;9501164968;B
20240201;101746;203.330000000;60;9501164970;B
20240201;101746;203.330000000;140;9501164971;B
20240201;101746;203.330000000;30;9501164973;B
20240201;101746;203.330000000;120;9501164974;B
20240201;101746;203.330000000;90;9501164975;B
20240201;101748;203.340000000;100;9501165293;B
20240201;101750;203.340000000;100;9501165843;B
20240201;101750;203.340000000;10;9501165844;B
20240201;101750;203.350000000;10;9501165845;B
20240201;101750;203.350000000;20;9501165846;B
20240201;101750;203.360000000;10;9501165847;B
20240201;101750;203.380000000;10;9501165849;B
20240201;101750;203.380000000;10;9501165850;B
20240201;101750;203.380000000;10;9501165851;B
20240201;101750;203.380000000;30;9501165852;B
20240201;101750;203.380000000;200;9501165853;B
20240201;101753;203.370000000;210;9501166208;S
20240201;101753;203.360000000;280;9501166209;S
20240201;101755;203.400000000;10;9501166669;B
20240201;101802;203.350000000;20;9501168116;B
20240201;101804;203.330000000;180;9501168397;S
20240201;101804;203.330000000;10;9501168398;S
20240201;101804;203.330000000;660;9501168399;S
20240201;101804;203.320000000;10;9501168479;S
20240201;101805;203.320000000;30;9501168556;S
20240201;101806;203.300000000;20;9501168693;S
20240201;101806;203.300000000;500;9501168766;S
20240201;101807;203.310000000;30;9501168795;B
20240201;101807;203.310000000;10;9501168807;B
20240201;101813;203.310000000;20;9501169997;B
20240201;101813;203.310000000;50;9501170040;S
20240201;101816;203.310000000;30;9501170444;B
20240201;101817;203.320000000;10;9501170546;S
20240201;101817;203.330000000;10;9501170622;B
20240201;101819;203.330000000;50;9501171035;B
20240201;101820;203.330000000;10;9501171153;B
20240201;101821;203.370000000;10;9501171406;B
20240201;101823;203.370000000;20;9501171743;B
20240201;101824;203.370000000;10;9501171823;B
20240201;101827;203.370000000;10;9501172293;B
20240201;101828;203.370000000;110;9501172598;B
20240201;101828;203.370000000;20;9501172611;B
20240201;101828;203.400000000;20;9501172612;B
20240201;101829;203.330000000;150;9501172710;S
20240201;101830;203.330000000;30;9501172970;S
20240201;101838;203.370000000;10;9501174752;B
20240201;101838;203.400000000;20;9501174753;B
20240201;101844;203.330000000;10;9501176065;S
20240201;101845;203.330000000;20;9501176207;S
20240201;101847;203.400000000;20;9501176452;B
20240201;101903;203.400000000;10;9501179421;S
20240201;101903;203.400000000;470;9501179490;S
20240201;101903;203.400000000;80;9501179491;S
20240201;101903;203.390000000;980;9501179492;S
20240201;101905;203.330000000;10;9501180022;B
20240201;101910;203.320000000;10;9501180787;S
20240201;101911;203.330000000;10;9501180873;B
20240201;101911;203.350000000;190;9501180874;B
20240201;101911;203.340000000;80;9501181109;B
20240201;101929;203.360000000;100;9501184866;S
20240201;101932;203.360000000;10;9501185711;S
20240201;101932;203.360000000;10;9501185712;S
20240201;101933;203.350000000;980;9501185917;S
20240201;101933;203.340000000;20;9501185918;S
20240201;101934;203.350000000;980;9501186088;S
20240201;101934;203.340000000;890;9501186089;S
20240201;101934;203.330000000;10;9501186090;S
20240201;101934;203.320000000;250;9501186091;S
20240201;101934;203.300000000;180;9501186092;S
20240201;101934;203.290000000;10;9501186093;S
20240201;101934;203.280000000;500;9501186094;S
20240201;101934;203.270000000;1780;9501186095;S
20240201;101934;203.260000000;10;9501186096;S
20240201;101934;203.260000000;70;9501186097;S
20240201;101934;203.260000000;320;9501186098;S
20240201;101935;203.320000000;10;9501186322;S
20240201;101935;203.330000000;80;9501186341;B
20240201;101935;203.350000000;20;9501186342;B
20240201;101940;203.360000000;1290;9501187426;B
20240201;101940;203.360000000;180;9501187427;B
20240201;101940;203.370000000;530;9501187428;B
20240201;101948;203.370000000;10;9501188982;B
20240201;101950;203.370000000;100;9501189395;B
20240201;101958;203.370000000;10;9501190866;B
20240201;102003;203.350000000;10;9501191917;S
20240201;102004;203.350000000;10;9501192086;S
20240201;102008;203.370000000;10;9501192898;B
20240201;102008;203.350000000;570;9501192907;S
20240201;102011;203.350000000;10;9501193580;S
20240201;102014;203.350000000;80;9501195742;S
20240201;102016;203.350000000;750;9501197196;S
20240201;102019;203.350000000;90;9501198732;S
20240201;102020;203.360000000;10;9501198859;B
20240201;102020;203.360000000;70;9501198860;B
20240201;102036;203.360000000;20;9501205320;B
20240201;102039;203.320000000;40;9501206360;S
20240201;102040;203.360000000;20;9501206406;B
20240201;102044;203.360000000;10;9501208319;S
20240201;102055;203.390000000;20;9501210892;B
20240201;102055;203.320000000;110;9501211551;S
20240201;102055;203.320000000;10;9501211552;S
20240201;102055;203.320000000;10;9501211553;S
20240201;102055;203.290000000;180;9501211554;S
20240201;102055;203.290000000;550;9501211555;S
20240201;102055;203.280000000;180;9501211556;S
20240201;102055;203.280000000;980;9501211557;S
20240201;102055;203.250000000;100;9501211558;S
20240201;102055;203.250000000;160;9501211559;S
20240201;102055;203.240000000;530;9501211560;S
20240201;102059;203.380000000;10;9501212605;B
20240201;102110;203.350000000;10;9501215606;B
20240201;102122;203.330000000;50;9501219708;S
20240201;102122;203.320000000;50;9501219709;S
20240201;102122;203.320000000;10;9501219710;S
20240201;102128;203.300000000;10;9501221813;B
20240201;102139;203.300000000;60;9501225057;B
20240201;102143;203.300000000;100;9501226703;B
20240201;102144;203.300000000;100;9501226767;B
20240201;102145;203.300000000;10;9501226872;B
20240201;102147;203.280000000;140;9501227625;S
20240201;102149;203.280000000;10;9501228356;S
20240201;102159;203.270000000;180;9501230264;B
20240201;102202;203.250000000;10;9501230675;S
20240201;102202;203.250000000;10;9501230676;S
20240201;102208;203.240000000;170;9501233329;S
20240201;102208;203.240000000;20;9501233330;S
20240201;102208;203.230000000;10;9501233331;S
20240201;102208;203.230000000;10;9501233332;S
20240201;102208;203.230000000;100;9501233335;S
20240201;102214;203.230000000;120;9501235460;S
20240201;102218;203.240000000;10;9501236535;B
20240201;102219;203.230000000;200;9501236694;S
20240201;102219;203.230000000;500;9501236722;S
20240201;102221;203.240000000;20;9501236925;B
20240201;102223;203.240000000;470;9501238520;B
20240201;102223;203.240000000;30;9501238521;B
20240201;102229;203.230000000;30;9501239579;S
20240201;102235;203.250000000;10;9501241627;B
20240201;102236;203.250000000;10;9501242187;B
20240201;102238;203.250000000;30;9501242648;B
20240201;102238;203.240000000;170;9501242675;S
20240201;102240;203.240000000;10;9501243020;B
20240201;102241;203.240000000;40;9501243179;B
20240201;102241;203.240000000;10;9501243253;B
20240201;102243;203.240000000;70;9501243490;B
20240201;102244;203.240000000;10;9501243615;B
20240201;102244;203.240000000;20;9501244095;B
20240201;102245;203.240000000;100;9501244323;B
20240201;102246;203.230000000;40;9501245221;S
20240201;102247;203.240000000;200;9501245454;B
20240201;102251;203.240000000;80;9501246605;B
20240201;102253;203.230000000;10;9501246826;S
20240201;102255;203.240000000;10;9501248066;B
20240201;102258;203.240000000;10;9501248377;B
20240201;102300;203.240000000;10;9501248867;B
20240201;102301;203.240000000;10;9501249432;B
20240201;102301;203.240000000;30;9501249540;B
20240201;102301;203.240000000;10;9501249582;B
20240201;102302;203.240000000;1210;9501250088;B
20240201;102302;203.250000000;50;9501250089;B
20240201;102302;203.250000000;170;9501250090;B
20240201;102302;203.250000000;500;9501250091;B
20240201;102302;203.270000000;160;9501250092;B
20240201;102302;203.290000000;140;9501250093;B
20240201;102302;203.300000000;770;9501250094;B
20240201;102323;203.300000000;50;9501256049;B
20240201;102327;203.300000000;290;9501256913;B
20240201;102327;203.300000000;100;9501256914;B
20240201;102327;203.300000000;60;9501256915;B
20240201;102330;203.300000000;10;9501257835;B
20240201;102342;203.300000000;10;9501261260;B
20240201;102343;203.300000000;10;9501262196;B
20240201;102345;203.300000000;10;9501262418;B
20240201;102351;203.300000000;10;9501264006;B
20240201;102354;203.270000000;10;9501264511;S
20240201;102355;203.250000000;40;9501264568;S
20240201;102355;203.240000000;30;9501264569;S
20240201;102400;203.300000000;10;9501267016;B
20240201;102405;203.240000000;160;9501268420;S
20240201;102405;203.230000000;90;9501268421;S
20240201;102407;203.270000000;10;9501269555;B
20240201;102407;203.270000000;70;9501269604;B
20240201;102407;203.290000000;160;9501269605;B
20240201;102407;203.300000000;20;9501269606;B
20240201;102416;203.250000000;10;9501272279;S
20240201;102416;203.240000000;160;9501272280;S
20240201;102416;203.230000000;100;9501272281;S
20240201;102416;203.230000000;10;9501272282;S
20240201;102416;203.230000000;20;9501272283;S
20240201;102416;203.230000000;300;9501272284;S
20240201;102416;203.230000000;50;9501272285;S
20240201;102416;203.220000000;270;9501272286;S
20240201;102416;203.210000000;370;9501272287;S
20240201;102418;203.220000000;100;9501272609;S
20240201;102425;203.210000000;500;9501274430;S
20240201;102425;203.210000000;50;9501274431;S
20240201;102425;203.210000000;550;9501274432;S
20240201;102437;203.210000000;70;9501277435;S
20240201;102441;203.200000000;50;9501279297;S
20240201;102445;203.200000000;10;9501279636;S
20240201;102445;203.140000000;10;9501279637;S
20240201;102445;203.140000000;110;9501279638;S
20240201;102445;203.130000000;10;9501279639;S
20240201;102445;203.130000000;140;9501279640;S
20240201;102445;203.130000000;50;9501279641;S
20240201;102445;203.120000000;170;9501279642;S
20240201;102455;203.120000000;70;9501280964;S
20240201;102455;203.110000000;10;9501280965;S
20240201;102455;203.110000000;60;9501280966;S
20240201;102458;203.120000000;30;9501281227;S
20240201;102458;203.120000000;90;9501281228;S
20240201;102458;203.110000000;540;9501281229;S
20240201;102458;203.110000000;10;9501281230;S
20240201;102458;203.110000000;20;9501281231;S
20240201;102458;203.100000000;310;9501281232;S
20240201;102459;203.200000000;100;9501281321;B
20240201;102501;203.200000000;10;9501283709;B
20240201;102514;203.200000000;70;9501287577;B
20240201;102514;203.200000000;50;9501287578;B
20240201;102514;203.210000000;310;9501287579;B
20240201;102514;203.210000000;150;9501287580;B
20240201;102514;203.210000000;10;9501287581;B
20240201;102515;203.220000000;20;9501287722;S
20240201;102515;203.210000000;300;9501287723;S
20240201;102516;203.210000000;200;9501287763;S
20240201;102528;203.250000000;10;9501289181;B
20240201;102529;203.290000000;10;9501289301;B
20240201;102536;203.250000000;10;9501290134;S
20240201;102536;203.220000000;100;9501290135;S
20240201;102536;203.220000000;10;9501290136;S
20240201;102536;203.220000000;40;9501290137;S
20240201;102536;203.210000000;1170;9501290138;S
20240201;102539;203.220000000;10;9501290432;S
20240201;102539;203.210000000;80;9501290433;S
20240201;102634;203.290000000;20;9501295885;B
20240201;102651;203.290000000;100;9501297646;B
20240201;102656;203.250000000;10;9501298107;S
20240201;102656;203.210000000;60;9501298108;S
20240201;102701;203.280000000;50;9501298675;B
20240201;102704;203.210000000;20;9501298929;S
20240201;102722;203.230000000;10;9501300776;S
20240201;102724;203.230000000;20;9501300938;B
20240201;102725;203.220000000;10;9501301120;S
20240201;102727;203.280000000;10;9501301316;B
20240201;102734;203.270000000;10;9501302017;B
20240201;102735;203.280000000;10;9501302104;B
20240201;102739;203.220000000;10;9501302585;S
20240201;102747;203.220000000;40;9501303227;S
20240201;102747;203.220000000;10;9501303228;S
20240201;102804;203.210000000;10;9501305471;S
20240201;102807;203.270000000;10;9501305660;B
20240201;102818;203.220000000;10;9501306623;S
20240201;102819;203.220000000;20;9501306822;S
20240201;102819;203.220000000;140;9501306823;S
20240201;102819;203.210000000;1440;9501306824;S
20240201;102821;203.210000000;30;9501307117;S
20240201;102837;203.260000000;10;9501309009;B
20240201;102842;203.210000000;50;9501309435;S
20240201;102857;203.250000000;10;9501311258;B
20240201;102859;203.260000000;20;9501311464;B
20240201;102906;203.270000000;40;9501312245;B
20240201;102906;203.280000000;20;9501312246;B
20240201;102908;203.260000000;30;9501312439;S
20240201;102912;203.260000000;10;9501312804;S
20240201;102916;203.260000000;70;9501313199;S
20240201;102916;203.220000000;10;9501313200;S
20240201;102916;203.220000000;50;9501313201;S
20240201;102916;203.210000000;170;9501313202;S
20240201;102925;203.210000000;880;9501314297;S
20240201;102925;203.210000000;100;9501314298;S
20240201;102925;203.210000000;500;9501314299;S
20240201;102925;203.210000000;450;9501314300;S
20240201;102925;203.210000000;20;9501314301;S
20240201;102925;203.210000000;40;9501314302;S
20240201;102930;203.200000000;10;9501314815;B
20240201;102932;203.210000000;10;9501315061;B
20240201;102934;203.210000000;10;9501315224;B
20240201;102944;203.210000000;30;9501316498;B
20240201;102944;203.240000000;70;9501316499;B
20240201;102944;203.260000000;130;9501316500;B
20240201;102944;203.270000000;50;9501316501;B
20240201;102944;203.280000000;150;9501316502;B
20240201;102948;203.260000000;110;9501316808;B
20240201;102953;203.270000000;10;9501317389;B
20240201;103005;203.170000000;20;9501318641;S
20240201;103005;203.170000000;10;9501318642;S
20240201;103005;203.160000000;50;9501318643;S
20240201;103005;203.150000000;20;9501318644;S
20240201;103012;203.210000000;30;9501319308;B
20240201;103013;203.210000000;20;9501319408;B
20240201;103013;203.220000000;20;9501319409;B
20240201;103013;203.250000000;60;9501319410;B
20240201;103020;203.250000000;10;9501320133;B
20240201;103023;203.270000000;50;9501320423;B
20240201;103029;203.280000000;10;9501321286;B
20240201;103038;203.270000000;10;9501322330;S
20240201;103045;203.280000000;100;9501323123;B
20240201;103048;203.270000000;10;9501323653;S
20240201;103051;203.280000000;20;9501324019;B
20240201;103054;203.270000000;10;9501324358;S
20240201;103054;203.220000000;10;9501324359;S
20240201;103054;203.210000000;180;9501324360;S
20240201;103100;203.260000000;180;9501325023;B
20240201;103100;203.270000000;130;9501325024;B
20240201;103100;203.280000000;690;9501325025;B
20240201;103108;203.220000000;40;9501325804;S
20240201;103116;203.230000000;10;9501327468;S
20240201;103116;203.230000000;60;9501327469;S
20240201;103122;203.220000000;30;9501328555;S
20240201;103131;203.230000000;10;9501330415;S
20240201;103141;203.240000000;120;9501332204;S
20240201;103150;203.230000000;100;9501334026;S
20240201;103150;203.230000000;900;9501334027;S
20240201;103150;203.230000000;100;9501334222;S
20240201;103150;203.230000000;10;9501334223;S
20240201;103150;203.220000000;80;9501334224;S
20240201;103150;203.220000000;950;9501334225;S
20240201;103153;203.270000000;10;9501334961;B
20240201;103156;203.270000000;10;9501335562;B
20240201;103211;203.270000000;10;9501338035;B
20240201;103211;203.270000000;120;9501338036;B
20240201;103211;203.270000000;780;9501338037;S
20240201;103214;203.280000000;10;9501338900;B
20240201;103217;203.280000000;20;9501339525;B
20240201;103220;203.280000000;20;9501340131;B
20240201;103220;203.280000000;10;9501340132;B
20240201;103227;203.270000000;10;9501341546;S
20240201;103228;203.270000000;80;9501341777;S
20240201;103228;203.270000000;10;9501341778;S
20240201;103231;203.240000000;10;9501342175;S
20240201;103231;203.270000000;90;9501342216;B
20240201;103308;203.270000000;10;9501349738;B
20240201;103318;203.240000000;40;9501351414;S
20240201;103321;203.270000000;10;9501351911;B
20240201;103325;203.240000000;10;9501352508;S
20240201;103325;203.230000000;70;9501352509;S
20240201;103328;203.260000000;10;9501352974;B
20240201;103337;203.240000000;10;9501354240;S
20240201;103337;203.240000000;20;9501354241;S
20240201;103337;203.230000000;30;9501354242;S
20240201;103338;203.270000000;150;9501354555;B
20240201;103341;203.270000000;40;9501355027;B
20240201;103341;203.270000000;10;9501355028;B
20240201;103345;203.270000000;30;9501355612;B
20240201;103354;203.270000000;80;9501356864;B
20240201;103356;203.270000000;10;9501357049;B
20240201;103356;203.270000000;10;9501357113;B
20240201;103358;203.260000000;20;9501357326;S
20240201;103358;203.250000000;20;9501357327;S
20240201;103401;203.270000000;20;9501357627;B
20240201;103402;203.250000000;480;9501357776;S
20240201;103402;203.250000000;10;9501357777;S
20240201;103402;203.250000000;10;9501357783;B
20240201;103406;203.250000000;10;9501358144;B
20240201;103408;203.250000000;10;9501358524;B
20240201;103409;203.250000000;90;9501358711;B
20240201;103409;203.260000000;20;9501358712;B
20240201;103443;203.270000000;80;9501362461;B
20240201;103443;203.270000000;100;9501362462;B
20240201;103443;203.290000000;30;9501362463;B
20240201;103443;203.290000000;10;9501362464;B
20240201;103443;203.290000000;30;9501362465;B
20240201;103446;203.280000000;10;9501362943;B
20240201;103448;203.240000000;20;9501363064;S
20240201;103449;203.280000000;10;9501363220;B
20240201;103452;203.300000000;10;9501363832;B
20240201;103452;203.300000000;100;9501363969;B
20240201;103454;203.300000000;10;9501364178;B
20240201;103455;203.300000000;20;9501364192;B
20240201;103455;203.280000000;30;9501364196;S
20240201;103455;203.300000000;10;9501364289;B
20240201;103500;203.280000000;20;9501364704;S
20240201;103501;203.300000000;20;9501364770;B
20240201;103504;203.300000000;10;9501365010;B
20240201;103516;203.300000000;120;9501367534;B
20240201;103517;203.300000000;10;9501367610;B
20240201;103517;203.300000000;250;9501367635;B
20240201;103518;203.300000000;90;9501367708;B
20240201;103522;203.300000000;10;9501368141;B
20240201;103523;203.280000000;110;9501368280;S
20240201;103525;203.300000000;30;9501368471;B
20240201;103526;203.300000000;40;9501368580;B
20240201;103541;203.300000000;100;9501370390;B
20240201;103542;203.280000000;20;9501370524;S
20240201;103543;203.300000000;180;9501370633;B
20240201;103543;203.300000000;40;9501370636;B
20240201;103544;203.300000000;570;9501370731;B
20240201;103544;203.300000000;40;9501370744;B
20240201;103545;203.280000000;250;9501370777;S
20240201;103547;203.280000000;40;9501371049;S
20240201;103550;203.280000000;10;9501371456;S
20240201;103551;203.300000000;60;9501371560;B
20240201;103551;203.300000000;10;9501371595;B
20240201;103551;203.300000000;10;9501371622;B
20240201;103554;203.300000000;10;9501371946;B
20240201;103557;203.280000000;10;9501372171;S
20240201;103557;203.300000000;10;9501372178;B
20240201;103605;203.300000000;20;9501372978;B
20240201;103607;203.290000000;100;9501373056;S
20240201;103609;203.300000000;30;9501373288;B
20240201;103611;203.300000000;10;9501373440;B
20240201;103618;203.300000000;10;9501374102;B
20240201;103618;203.300000000;100;9501374103;B
20240201;103619;203.300000000;20;9501374303;B
20240201;103629;203.290000000;50;9501375366;S
20240201;103630;203.300000000;10;9501375499;B
20240201;103630;203.300000000;20;9501375502;B
20240201;103636;203.300000000;580;9501375945;B
20240201;103637;203.300000000;140;9501376107;B
20240201;103645;203.300000000;10;9501376834;B
20240201;103645;203.300000000;20;9501376892;B
20240201;103646;203.300000000;10;9501377027;B
20240201;103651;203.300000000;10;9501377563;B
20240201;103655;203.290000000;150;9501378041;S
20240201;103655;203.290000000;700;9501378042;S
20240201;103655;203.290000000;130;9501378043;S
20240201;103655;203.280000000;50;9501378044;S
20240201;103655;203.280000000;10;9501378045;S
20240201;103655;203.240000000;20;9501378046;S
20240201;103655;203.230000000;1930;9501378047;S
20240201;103658;203.300000000;160;9501378306;B
20240201;103658;203.300000000;10;9501378307;B
20240201;103658;203.300000000;50;9501378308;B
20240201;103658;203.300000000;10;9501378309;B
20240201;103658;203.310000000;130;9501378310;B
20240201;103658;203.320000000;130;9501378311;B
20240201;103700;203.260000000;180;9501378471;S
20240201;103700;203.250000000;130;9501378472;S
20240201;103700;203.240000000;20;9501378473;S
20240201;103700;203.230000000;3670;9501378474;S
20240201;103704;203.290000000;10;9501378801;B
20240201;103704;203.300000000;30;9501378802;B
20240201;103706;203.340000000;150;9501378946;B
20240201;103706;203.340000000;680;9501378947;B
20240201;103706;203.340000000;500;9501378954;B
20240201;103708;203.300000000;10;9501379154;S
20240201;103715;203.350000000;10;9501379724;B
20240201;103718;203.350000000;70;9501380189;B
20240201;103723;203.350000000;520;9501380690;B
20240201;103724;203.380000000;10;9501380798;B
20240201;103726;203.380000000;70;9501380989;B
20240201;103735;203.360000000;120;9501381852;S
20240201;103735;203.360000000;180;9501381853;S
20240201;103735;203.360000000;500;9501381887;S
20240201;103737;203.380000000;10;9501382201;B
20240201;103738;203.380000000;30;9501382249;B
20240201;103738;203.380000000;10;9501382250;B
20240201;103738;203.380000000;120;9501382251;B
20240201;103738;203.390000000;20;9501382252;B
20240201;103745;203.380000000;20;9501383295;S
20240201;103813;203.400000000;90;9501386687;B
20240201;103813;203.400000000;40;9501386688;B
20240201;103813;203.400000000;20;9501386689;B
20240201;103813;203.400000000;50;9501386690;B
20240201;103813;203.400000000;10;9501386816;B
20240201;103814;203.400000000;20;9501386884;B
20240201;103814;203.400000000;10;9501386963;B
20240201;103815;203.400000000;10;9501386994;B
20240201;103815;203.380000000;20;9501387060;S
20240201;103815;203.380000000;10;9501387061;S
20240201;103815;203.380000000;80;9501387062;S
20240201;103815;203.420000000;10;9501387089;B
20240201;103819;203.400000000;50;9501387413;S
20240201;103819;203.390000000;20;9501387414;S
20240201;103849;203.420000000;630;9501390104;B
20240201;103849;203.420000000;50;9501390105;B
20240201;103849;203.430000000;200;9501390106;B
20240201;103849;203.430000000;950;9501390107;B
20240201;103849;203.400000000;130;9501390129;B
20240201;103851;203.390000000;120;9501390271;S
20240201;103851;203.390000000;20;9501390272;S
20240201;103851;203.380000000;50;9501390273;S
20240201;103853;203.430000000;10;9501390658;B
20240201;103855;203.430000000;10;9501390942;B
20240201;103856;203.430000000;10;9501391053;B
20240201;103856;203.430000000;10;9501391084;B
20240201;103856;203.430000000;10;9501391108;B
20240201;103856;203.450000000;10;9501391109;B
20240201;103858;203.390000000;10;9501391241;S
20240201;103858;203.390000000;30;9501391247;S
20240201;103909;203.450000000;10;9501392281;B
20240201;103910;203.450000000;40;9501392360;B
20240201;103912;203.450000000;20;9501392453;B
20240201;103913;203.450000000;120;9501392517;B
20240201;103913;203.460000000;20;9501392518;B
20240201;103917;203.470000000;400;9501392895;B
20240201;103917;203.470000000;500;9501392896;B
20240201;103917;203.470000000;10;9501392897;B
20240201;103917;203.480000000;10;9501392898;B
20240201;103917;203.490000000;500;9501392899;B
20240201;103917;203.490000000;100;9501392900;B
20240201;103917;203.490000000;10;9501392901;B
20240201;103917;203.490000000;90;9501392902;B
20240201;103917;203.500000000;300;9501392903;B
20240201;103917;203.500000000;50;9501392904;B
20240201;103917;203.500000000;180;9501392905;B
20240201;103921;203.450000000;20;9501393698;B
20240201;103924;203.490000000;40;9501394019;B
20240201;103924;203.500000000;30;9501394026;B
20240201;103924;203.500000000;40;9501394040;B
20240201;103924;203.500000000;10;9501394051;B
20240201;103924;203.500000000;10;9501394052;B
20240201;103924;203.500000000;20;9501394053;B
20240201;103924;203.500000000;20;9501394077;B
20240201;103924;203.500000000;10;9501394078;B
20240201;103924;203.500000000;10;9501394079;B
20240201;103927;203.450000000;30;9501394332;S
20240201;103927;203.440000000;80;9501394377;S
20240201;103929;203.500000000;10;9501394450;B
20240201;103929;203.500000000;40;9501394451;B
20240201;103929;203.500000000;50;9501394476;B
20240201;103929;203.500000000;50;9501394492;B
20240201;103930;203.500000000;50;9501394505;B
20240201;103930;203.500000000;50;9501394547;B
20240201;103932;203.500000000;1000;9501394706;B
20240201;103934;203.500000000;240;9501394980;B
20240201;103936;203.500000000;20;9501395165;B
20240201;103936;203.500000000;10;9501395166;B
20240201;103936;203.500000000;330;9501395167;B
20240201;103936;203.500000000;200;9501395172;B
20240201;103937;203.500000000;100;9501395190;B
20240201;103937;203.490000000;10;9501395214;S
20240201;103937;203.460000000;10;9501395215;S
20240201;103937;203.460000000;10;9501395216;S
20240201;103937;203.460000000;20;9501395217;S
20240201;103937;203.450000000;450;9501395218;S
20240201;103941;203.500000000;140;9501395501;B
20240201;103945;203.500000000;10;9501395801;B
20240201;103946;203.500000000;10;9501396055;B
20240201;103947;203.460000000;120;9501396213;S
20240201;103947;203.450000000;60;9501396214;S
20240201;103951;203.500000000;20;9501396528;B
20240201;103952;203.450000000;10;9501396618;S
20240201;103956;203.450000000;20;9501397342;S
20240201;104000;203.500000000;30;9501398081;B
20240201;104005;203.500000000;10;9501398925;B
20240201;104013;203.500000000;80;9501400072;B
20240201;104017;203.500000000;350;9501400524;B
20240201;104018;203.500000000;110;9501400646;B
20240201;104019;203.480000000;1000;9501400836;S
20240201;104022;203.500000000;250;9501401169;B
20240201;104027;203.500000000;10;9501401579;B
20240201;104037;203.480000000;200;9501402720;S
20240201;104040;203.500000000;200;9501403219;B
20240201;104040;203.500000000;200;9501403220;B
20240201;104043;203.500000000;370;9501403615;B
20240201;104043;203.500000000;20;9501403646;B
20240201;104043;203.500000000;10;9501403687;B
20240201;104043;203.500000000;50;9501403688;B
20240201;104043;203.500000000;10;9501403689;B
20240201;104043;203.500000000;30;9501403690;B
20240201;104048;203.500000000;20;9501404688;B
20240201;104048;203.500000000;10;9501404689;B
20240201;104048;203.530000000;10;9501404690;B
20240201;104048;203.570000000;10;9501404699;B
20240201;104048;203.570000000;40;9501404700;B
20240201;104048;203.570000000;50;9501404702;B
20240201;104049;203.590000000;10;9501404742;B
20240201;104049;203.590000000;10;9501404743;B
20240201;104049;203.590000000;90;9501404744;B
20240201;104049;203.600000000;300;9501404756;B
20240201;104049;203.600000000;500;9501404760;B
20240201;104049;203.600000000;50;9501404788;B
20240201;104049;203.600000000;20;9501404789;B
20240201;104049;203.560000000;20;9501404792;S
20240201;104056;203.590000000;10;9501405762;S
20240201;104059;203.590000000;10;9501405994;S
20240201;104108;203.600000000;10;9501407077;B
20240201;104113;203.590000000;370;9501407818;S
20240201;104114;203.600000000;420;9501407962;B
20240201;104114;203.600000000;10;9501407963;B
20240201;104114;203.600000000;550;9501407964;B
20240201;104116;203.610000000;10;9501408253;B
20240201;104121;203.610000000;10;9501409001;B
20240201;104121;203.610000000;100;9501409002;B
20240201;104121;203.620000000;10;9501409003;B
20240201;104121;203.620000000;160;9501409004;B
20240201;104122;203.640000000;10;9501409077;B
20240201;104122;203.640000000;490;9501409078;B
20240201;104130;203.640000000;510;9501410182;B
20240201;104130;203.640000000;10;9501410183;B
20240201;104130;203.640000000;480;9501410184;B
20240201;104131;203.640000000;500;9501410303;B
20240201;104132;203.650000000;10;9501410391;B
20240201;104140;203.650000000;100;9501411466;B
20240201;104140;203.650000000;10;9501411467;B
20240201;104140;203.660000000;10;9501411468;B
20240201;104140;203.660000000;360;9501411469;B
20240201;104140;203.670000000;10;9501411470;B
20240201;104140;203.670000000;10;9501411471;B
20240201;104140;203.670000000;460;9501411472;B
20240201;104149;203.680000000;10;9501412459;B
20240201;104150;203.660000000;10;9501412534;S
20240201;104152;203.680000000;10;9501412641;B
20240201;104152;203.680000000;10;9501412642;B
20240201;104152;203.680000000;100;9501412643;B
20240201;104152;203.680000000;20;9501412644;B
20240201;104152;203.660000000;10;9501412650;S
20240201;104159;203.680000000;10;9501413514;B
20240201;104159;203.680000000;520;9501413515;B
20240201;104202;203.690000000;10;9501413727;B
20240201;104202;203.690000000;20;9501413728;B
20240201;104202;203.690000000;100;9501413736;B
20240201;104205;203.690000000;20;9501414235;B
20240201;104206;203.680000000;10;9501414305;S
20240201;104207;203.690000000;1360;9501414447;B
20240201;104207;203.690000000;690;9501414448;B
20240201;104207;203.690000000;10;9501414449;B
20240201;104207;203.690000000;100;9501414450;B
20240201;104207;203.700000000;70;9501414451;B
20240201;104207;203.700000000;100;9501414452;B
20240201;104207;203.700000000;10;9501414453;B
20240201;104207;203.700000000;1000;9501414454;B
20240201;104207;203.700000000;230;9501414455;B
20240201;104207;203.700000000;520;9501414456;B
20240201;104207;203.710000000;540;9501414457;B
20240201;104209;203.700000000;60;9501414601;B
20240201;104211;203.700000000;10;9501414919;B
20240201;104211;203.690000000;20;9501414923;S
20240201;104216;203.700000000;130;9501415458;B
20240201;104216;203.700000000;10;9501415459;B
20240201;104219;203.710000000;90;9501415670;B
20240201;104219;203.710000000;70;9501415671;B
20240201;104223;203.720000000;10;9501416273;B
20240201;104228;203.730000000;40;9501417155;B
20240201;104237;203.710000000;10;9501418087;S
20240201;104238;203.730000000;190;9501418376;B
20240201;104238;203.730000000;500;9501418431;B
20240201;104238;203.740000000;10;9501418432;B
20240201;104238;203.740000000;10;9501418433;B
20240201;104238;203.750000000;50;9501418434;B
20240201;104238;203.750000000;20;9501418435;B
20240201;104238;203.750000000;200;9501418436;B
20240201;104238;203.750000000;150;9501418437;B
20240201;104238;203.760000000;90;9501418438;B
20240201;104238;203.760000000;480;9501418439;B
20240201;104238;203.770000000;30;9501418440;B
20240201;104238;203.770000000;10;9501418441;B
20240201;104238;203.770000000;220;9501418442;B
20240201;104238;203.770000000;500;9501418470;B
20240201;104242;203.780000000;10;9501418898;B
20240201;104243;203.770000000;10;9501419017;B
20240201;104243;203.780000000;60;9501419018;B
20240201;104244;203.730000000;10;9501419087;S
20240201;104244;203.730000000;150;9501419095;B
20240201;104244;203.730000000;40;9501419100;B
20240201;104245;203.730000000;10;9501419162;B
20240201;104245;203.730000000;80;9501419163;B
20240201;104245;203.730000000;70;9501419188;B
20240201;104245;203.730000000;70;9501419189;B
20240201;104247;203.730000000;270;9501419453;B
20240201;104247;203.750000000;110;9501419454;B
20240201;104247;203.750000000;90;9501419455;B
20240201;104247;203.780000000;30;9501419456;B
20240201;104250;203.770000000;10;9501419749;B
20240201;104250;203.780000000;40;9501419750;B
20240201;104302;203.770000000;20;9501421484;B
20240201;104302;203.730000000;20;9501421518;S
20240201;104302;203.720000000;10;9501421519;S
20240201;104302;203.710000000;30;9501421520;S
20240201;104302;203.700000000;60;9501421521;S
20240201;104302;203.700000000;180;9501421522;S
20240201;104310;203.740000000;10;9501422249;B
20240201;104310;203.750000000;470;9501422250;B
20240201;104313;203.700000000;10;9501422586;S
20240201;104313;203.690000000;50;9501422587;S
20240201;104313;203.690000000;10;9501422588;S
20240201;104313;203.640000000;20;9501422589;S
20240201;104315;203.640000000;90;9501422787;B
20240201;104315;203.700000000;160;9501422788;S
20240201;104321;203.710000000;90;9501423515;B
20240201;104321;203.710000000;50;9501423516;B
20240201;104321;203.630000000;50;9501423541;S
20240201;104326;203.670000000;210;9501424118;B
20240201;104329;203.650000000;10;9501424342;S
20240201;104329;203.640000000;10;9501424343;S
20240201;104329;203.710000000;80;9501424353;B
20240201;104329;203.710000000;60;9501424354;B
20240201;104329;203.720000000;180;9501424355;B
20240201;104329;203.730000000;180;9501424356;B
20240201;104330;203.720000000;200;9501424567;B
20240201;104333;203.710000000;10;9501425204;B
20240201;104333;203.730000000;20;9501425205;B
20240201;104333;203.730000000;90;9501425206;B
20240201;104333;203.740000000;80;9501425207;B
20240201;104333;203.750000000;100;9501425208;B
20240201;104334;203.700000000;1000;9501425296;S
20240201;104334;203.680000000;180;9501425297;S
20240201;104334;203.680000000;80;9501425298;S
20240201;104334;203.630000000;180;9501425299;S
20240201;104338;203.650000000;10;9501425935;B
20240201;104339;203.650000000;90;9501426125;B
20240201;104339;203.650000000;90;9501426160;B
20240201;104350;203.640000000;10;9501427163;S
20240201;104350;203.640000000;10;9501427164;S
20240201;104350;203.630000000;80;9501427165;S
20240201;104358;203.690000000;90;9501428055;B
20240201;104403;203.650000000;10;9501428532;S
20240201;104414;203.630000000;150;9501429921;S
20240201;104420;203.640000000;30;9501430916;B
20240201;104424;203.640000000;20;9501431717;B
20240201;104428;203.630000000;100;9501432606;S
20240201;104435;203.630000000;10;9501434158;S
20240201;104439;203.630000000;390;9501434805;S
20240201;104439;203.630000000;80;9501434806;S
20240201;104439;203.600000000;10;9501434807;S
20240201;104439;203.600000000;100;9501434808;S
20240201;104439;203.600000000;1000;9501434809;S
20240201;104439;203.590000000;240;9501434810;S
20240201;104439;203.570000000;180;9501434811;S
20240201;104439;203.510000000;1180;9501434812;S
20240201;104439;203.500000000;690;9501434813;S
20240201;104455;203.550000000;90;9501438528;S
20240201;104455;203.550000000;10;9501438582;S
20240201;104455;203.550000000;40;9501438583;S
20240201;104455;203.540000000;40;9501438584;S
20240201;104456;203.540000000;90;9501438638;S
20240201;104456;203.540000000;70;9501438693;S
20240201;104456;203.500000000;40;9501438719;S
20240201;104456;203.500000000;760;9501438720;S
20240201;104508;203.500000000;20;9501441220;S
20240201;104510;203.500000000;220;9501441718;S
20240201;104513;203.450000000;50;9501442372;S
20240201;104513;203.430000000;10;9501442429;S
20240201;104513;203.410000000;80;9501442430;S
20240201;104513;203.400000000;90;9501442514;S
20240201;104514;203.400000000;90;9501442606;S
20240201;104514;203.400000000;150;9501442615;S
20240201;104514;203.400000000;90;9501442688;S
20240201;104515;203.450000000;100;9501442948;S
20240201;104518;203.460000000;470;9501443722;B
20240201;104529;203.410000000;30;9501446068;S
20240201;104532;203.440000000;10;9501446816;B
20240201;104537;203.410000000;80;9501447236;S
20240201;104537;203.410000000;40;9501447237;S
20240201;104541;203.450000000;10;9501447878;B
20240201;104543;203.460000000;300;9501448079;B
20240201;104546;203.460000000;70;9501448437;B
20240201;104554;203.470000000;20;9501449362;B
20240201;104600;203.480000000;10;9501450419;B
20240201;104616;203.480000000;10;9501452033;B
20240201;104617;203.480000000;1120;9501452184;B
20240201;104617;203.480000000;90;9501452185;B
20240201;104617;203.500000000;50;9501452186;B
20240201;104617;203.500000000;180;9501452187;B
20240201;104617;203.500000000;60;9501452188;B
20240201;104628;203.560000000;10;9501453388;B
20240201;104632;203.490000000;20;9501453826;B
20240201;104640;203.500000000;10;9501454790;B
20240201;104649;203.500000000;10;9501455741;B
20240201;104649;203.510000000;10;9501455742;B
20240201;104652;203.480000000;60;9501456030;S
20240201;104706;203.490000000;10;9501457425;S
20240201;104706;203.480000000;40;9501457426;S
20240201;104706;203.480000000;70;9501457427;S
20240201;104706;203.470000000;40;9501457428;S
20240201;104713;203.510000000;10;9501458650;B
20240201;104720;203.510000000;10;9501459424;S
20240201;104720;203.450000000;40;9501459425;S
20240201;104722;203.450000000;10;9501459633;S
20240201;104726;203.450000000;10;9501460008;S
20240201;104730;203.550000000;130;9501460369;B
20240201;104742;203.450000000;10;9501461771;S
20240201;104743;203.450000000;10;9501461926;S
20240201;104743;203.450000000;180;9501461927;S
20240201;104743;203.450000000;410;9501461928;S
20240201;104803;203.500000000;60;9501463819;B
20240201;104803;203.500000000;80;9501463820;S
20240201;104804;203.510000000;50;9501463947;B
20240201;104809;203.450000000;10;9501464504;S
20240201;104812;203.510000000;440;9501464826;B
20240201;104812;203.510000000;100;9501464901;S
20240201;104814;203.520000000;30;9501464990;B
20240201;104818;203.520000000;150;9501465428;B
20240201;104818;203.520000000;90;9501465429;B
20240201;104818;203.520000000;120;9501465552;B
20240201;104818;203.510000000;60;9501465586;S
20240201;104823;203.460000000;10;9501465937;S
20240201;104823;203.500000000;30;9501466035;B
20240201;104826;203.500000000;160;9501466348;B
20240201;104826;203.510000000;40;9501466349;B
20240201;104828;203.520000000;160;9501466608;B
20240201;104832;203.520000000;420;9501466876;B
20240201;104832;203.530000000;110;9501466877;B
20240201;104832;203.530000000;60;9501466878;B
20240201;104832;203.540000000;10;9501466879;B
20240201;104835;203.530000000;120;9501467202;B
20240201;104836;203.530000000;120;9501467294;B
20240201;104837;203.530000000;10;9501467363;B
20240201;104838;203.540000000;30;9501467463;B
20240201;104839;203.540000000;240;9501467477;B
20240201;104839;203.550000000;240;9501467478;B
20240201;104839;203.550000000;30;9501467486;B
20240201;104839;203.550000000;60;9501467502;B
20240201;104839;203.550000000;170;9501467519;B
20240201;104839;203.550000000;230;9501467520;B
20240201;104839;203.560000000;200;9501467521;B
20240201;104840;203.590000000;10;9501467564;B
20240201;104841;203.590000000;60;9501467636;B
20240201;104841;203.640000000;10;9501467676;B
20240201;104842;203.640000000;30;9501467850;B
20240201;104842;203.640000000;10;9501467869;B
20240201;104842;203.650000000;20;9501467870;B
20240201;104844;203.660000000;100;9501468166;B
20240201;104845;203.660000000;40;9501468263;B
20240201;104845;203.660000000;20;9501468264;B
20240201;104847;203.550000000;180;9501468529;S
20240201;104847;203.540000000;60;9501468530;S
20240201;104847;203.530000000;90;9501468531;S
20240201;104847;203.530000000;40;9501468532;S
20240201;104847;203.520000000;10;9501468533;S
20240201;104847;203.520000000;620;9501468534;S
20240201;104847;203.630000000;30;9501468614;B
20240201;104850;203.630000000;60;9501469045;B
20240201;104851;203.630000000;30;9501469107;B
20240201;104851;203.640000000;180;9501469163;B
20240201;104851;203.650000000;60;9501469164;B
20240201;104852;203.670000000;10;9501469189;B
20240201;104852;203.670000000;10;9501469190;B
20240201;104852;203.680000000;40;9501469191;B
20240201;104852;203.680000000;100;9501469197;B
20240201;104852;203.680000000;10;9501469202;B
20240201;104852;203.560000000;10;9501469239;S
20240201;104856;203.690000000;30;9501469549;B
20240201;104856;203.690000000;90;9501469586;S
20240201;104857;203.700000000;30;9501469594;B
20240201;104857;203.700000000;100;9501469619;B
20240201;104857;203.700000000;30;9501469621;B
20240201;104857;203.700000000;20;9501469623;B
20240201;104857;203.700000000;10;9501469624;B
20240201;104857;203.700000000;90;9501469625;B
20240201;104857;203.700000000;50;9501469632;B
20240201;104857;203.700000000;60;9501469633;B
20240201;104857;203.710000000;10;9501469634;B
20240201;104857;203.710000000;50;9501469635;B
20240201;104857;203.710000000;30;9501469671;B
20240201;104858;203.710000000;20;9501469774;B
20240201;104858;203.720000000;20;9501469775;B
20240201;104859;203.720000000;60;9501469785;B
20240201;104900;203.710000000;30;9501469912;B
20240201;104901;203.720000000;100;9501470026;B
20240201;104902;203.720000000;90;9501470112;B
20240201;104902;203.720000000;10;9501470113;B
20240201;104903;203.720000000;30;9501470185;B
20240201;104903;203.720000000;30;9501470210;B
20240201;104903;203.720000000;30;9501470233;B
20240201;104904;203.720000000;30;9501470297;B
20240201;104904;203.720000000;30;9501470303;B
20240201;104904;203.720000000;70;9501470328;B
20240201;104904;203.720000000;10;9501470329;B
20240201;104904;203.740000000;60;9501470330;B
20240201;104904;203.760000000;10;9501470331;B
20240201;104905;203.750000000;100;9501470388;B
20240201;104905;203.760000000;100;9501470389;B
20240201;104906;203.770000000;30;9501470698;B
20240201;104907;203.770000000;20;9501470802;B
20240201;104907;203.770000000;20;9501470964;B
20240201;104907;203.770000000;10;9501470965;B
20240201;104909;203.760000000;120;9501471135;B
20240201;104909;203.770000000;30;9501471183;B
20240201;104910;203.770000000;20;9501471258;B
20240201;104910;203.770000000;10;9501471365;B
20240201;104911;203.780000000;20;9501471511;B
20240201;104911;203.780000000;60;9501471519;B
20240201;104912;203.780000000;40;9501471536;B
20240201;104912;203.780000000;30;9501471546;B
20240201;104912;203.780000000;30;9501471787;B
20240201;104913;203.780000000;150;9501471821;B
20240201;104913;203.780000000;120;9501471835;B
20240201;104913;203.780000000;120;9501471890;B
20240201;104913;203.780000000;70;9501471951;B
20240201;104913;203.780000000;50;9501471952;B
20240201;104913;203.780000000;10;9501471953;B
20240201;104913;203.790000000;10;9501471954;B
20240201;104913;203.790000000;10;9501471955;B
20240201;104913;203.790000000;90;9501471956;B
20240201;104914;203.790000000;50;9501471981;B
20240201;104915;203.790000000;30;9501472157;B
20240201;104916;203.790000000;30;9501472190;B
20240201;104916;203.790000000;40;9501472192;B
20240201;104917;203.790000000;60;9501472252;B
20240201;104917;203.790000000;20;9501472304;B
20240201;104917;203.790000000;10;9501472332;B
20240201;104917;203.790000000;30;9501472336;B
20240201;104921;203.790000000;60;9501472780;B
20240201;104922;203.790000000;100;9501472784;B
20240201;104922;203.790000000;30;9501472789;B
20240201;104922;203.790000000;60;9501472858;B
20240201;104923;203.780000000;30;9501472955;S
20240201;104923;203.770000000;60;9501472956;S
20240201;104923;203.790000000;30;9501472962;B
20240201;104923;203.770000000;20;9501472984;S
20240201;104924;203.790000000;30;9501473058;B
20240201;104924;203.790000000;80;9501473148;B
20240201;104924;203.770000000;10;9501473185;S
20240201;104924;203.770000000;90;9501473186;S
20240201;104926;203.790000000;20;9501473287;B
20240201;104926;203.790000000;4230;9501473309;B
20240201;104926;203.800000000;50;9501473310;B
20240201;104926;203.800000000;10;9501473311;B
20240201;104926;203.800000000;10;9501473312;B
20240201;104926;203.800000000;20;9501473313;B
20240201;104926;203.800000000;50;9501473314;B
20240201;104926;203.800000000;2500;9501473315;B
20240201;104926;203.810000000;500;9501473316;B
20240201;104926;203.810000000;10;9501473317;B
20240201;104926;203.820000000;10;9501473318;B
20240201;104926;203.820000000;120;9501473319;B
20240201;104926;203.830000000;830;9501473320;B
20240201;104926;203.830000000;50;9501473321;B
20240201;104926;203.830000000;980;9501473322;B
20240201;104926;203.830000000;80;9501473323;B
20240201;104926;203.840000000;10;9501473324;B
20240201;104926;203.840000000;10;9501473325;B
20240201;104926;203.840000000;5660;9501473326;B
20240201;104926;203.860000000;90;9501473327;B
20240201;104926;203.870000000;10;9501473328;B
20240201;104926;203.870000000;10;9501473329;B
20240201;104926;203.870000000;160;9501473330;B
20240201;104926;203.880000000;10;9501473331;B
20240201;104926;203.880000000;30;9501473332;B
20240201;104926;203.880000000;990;9501473333;B
20240201;104926;203.880000000;250;9501473334;B
20240201;104926;203.880000000;200;9501473335;B
20240201;104926;203.880000000;70;9501473336;B
20240201;104926;203.880000000;100;9501473337;B
20240201;104926;203.880000000;200;9501473338;B
20240201;104926;203.890000000;50;9501473339;B
20240201;104926;203.810000000;60;9501473340;B
20240201;104926;203.810000000;10;9501473352;S
20240201;104926;203.890000000;400;9501473354;B
20240201;104926;203.900000000;90;9501473355;B
20240201;104926;203.900000000;10;9501473356;B
20240201;104926;203.930000000;10;9501473373;B
20240201;104926;203.930000000;520;9501473374;B
20240201;104926;203.940000000;10;9501473375;B
20240201;104926;203.940000000;10;9501473376;B
20240201;104926;203.940000000;10;9501473377;B
20240201;104926;203.940000000;150;9501473378;B
20240201;104926;203.900000000;30;9501473418;S
20240201;104926;203.880000000;270;9501473419;S
20240201;104926;203.940000000;70;9501473421;B
20240201;104926;203.940000000;40;9501473429;B
20240201;104927;203.940000000;160;9501473434;B
20240201;104927;203.940000000;80;9501473435;B
20240201;104927;203.900000000;50;9501473454;S
20240201;104927;203.920000000;10;9501473455;S
20240201;104927;203.900000000;250;9501473460;S
20240201;104927;203.900000000;50;9501473461;B
20240201;104927;203.940000000;50;9501473462;B
20240201;104927;203.850000000;200;9501473465;B
20240201;104927;203.940000000;1620;9501473475;B
20240201;104927;203.950000000;10;9501473476;B
20240201;104927;203.950000000;10;9501473477;B
20240201;104927;203.950000000;960;9501473478;B
20240201;104927;203.950000000;50;9501473479;B
20240201;104927;203.950000000;50;9501473500;B
20240201;104927;203.830000000;10;9501473511;S
20240201;104927;203.950000000;130;9501473521;B
20240201;104928;203.950000000;530;9501473551;B
20240201;104928;203.950000000;30;9501473568;B
20240201;104928;203.950000000;120;9501473572;B
20240201;104929;203.950000000;30;9501473704;B
20240201;104929;203.950000000;80;9501473710;B
20240201;104929;203.950000000;20;9501473711;B
20240201;104930;203.950000000;60;9501473816;B
20240201;104930;203.950000000;120;9501473834;B
20240201;104931;203.950000000;20;9501473926;B
20240201;104931;203.950000000;30;9501473937;B
20240201;104932;203.950000000;60;9501474073;B
20240201;104932;203.950000000;30;9501474118;B
20240201;104932;203.950000000;120;9501474130;B
20240201;104933;203.950000000;30;9501474177;B
20240201;104933;203.920000000;50;9501474178;S
20240201;104934;203.950000000;100;9501474318;B
20240201;104934;203.950000000;1080;9501474327;B
20240201;104935;203.950000000;500;9501474445;B
20240201;104936;203.950000000;850;9501474575;B
20240201;104936;203.950000000;10;9501474576;B
20240201;104936;203.950000000;80;9501474577;B
20240201;104936;203.940000000;10;9501474582;S
20240201;104936;203.930000000;20;9501474583;S
20240201;104936;203.970000000;20;9501474624;B
20240201;104936;203.970000000;30;9501474660;B
20240201;104937;203.950000000;10;9501474772;B
20240201;104937;203.970000000;110;9501474773;B
20240201;104937;203.970000000;840;9501474786;B
20240201;104937;203.970000000;50;9501474787;B
20240201;104937;203.970000000;1000;9501474788;B
20240201;104937;203.970000000;50;9501474789;B
20240201;104937;203.970000000;980;9501474790;B
20240201;104937;203.980000000;70;9501474791;B
20240201;104937;203.990000000;10;9501474792;B
20240201;104937;203.990000000;500;9501474793;B
20240201;104937;203.990000000;5000;9501474794;B
20240201;104937;203.990000000;100;9501474795;B
20240201;104937;203.990000000;80;9501474796;B
20240201;104937;204.000000000;10;9501474797;B
20240201;104937;204.000000000;10;9501474798;B
20240201;104937;204.000000000;10;9501474799;B
20240201;104937;204.000000000;10;9501474800;B
20240201;104937;204.000000000;140;9501474801;B
20240201;104937;204.000000000;40;9501474802;B
20240201;104937;204.000000000;10;9501474803;B
20240201;104937;204.000000000;50;9501474804;B
20240201;104937;204.000000000;10;9501474805;B
20240201;104937;204.000000000;50;9501474806;B
20240201;104937;204.000000000;200;9501474807;B
20240201;104937;204.000000000;780;9501474808;B
20240201;104937;204.000000000;460;9501474810;B
20240201;104937;204.000000000;10;9501474814;B
20240201;104937;203.950000000;10;9501474820;S
20240201;104937;204.000000000;50;9501474822;B
20240201;104937;204.000000000;400;9501474827;B
20240201;104937;203.950000000;460;9501474917;S
20240201;104937;203.950000000;500;9501474918;S
20240201;104937;203.930000000;180;9501474919;S
20240201;104937;203.920000000;450;9501474920;S
20240201;104937;203.910000000;170;9501474921;S
20240201;104937;203.850000000;100;9501474922;S
20240201;104937;203.850000000;1140;9501474923;S
20240201;104937;203.990000000;1140;9501474934;B
20240201;104937;203.990000000;180;9501474935;B
20240201;104937;204.000000000;680;9501474936;B
20240201;104937;204.000000000;400;9501474937;B
20240201;104937;204.000000000;100;9501474940;B
20240201;104937;204.000000000;2120;9501474942;B
20240201;104937;204.000000000;10;9501474943;B
20240201;104937;204.000000000;100;9501474944;B
20240201;104937;204.000000000;2800;9501474945;B
20240201;104937;204.000000000;10;9501474946;B
20240201;104937;204.000000000;40;9501474947;B
20240201;104937;204.000000000;170;9501474948;B
20240201;104937;204.000000000;200;9501474949;B
20240201;104937;204.000000000;10;9501474950;B
20240201;104937;204.000000000;400;9501474951;B
20240201;104937;204.000000000;230;9501474952;B
20240201;104937;204.000000000;20;9501474953;B
20240201;104937;204.000000000;80;9501474954;B
20240201;104937;204.000000000;20;9501474955;B
20240201;104937;204.000000000;1000;9501474956;B
20240201;104937;204.000000000;150;9501474957;B
20240201;104937;204.000000000;60;9501474958;B
20240201;104937;204.000000000;10;9501474959;B
20240201;104937;204.000000000;290;9501474960;B
20240201;104937;204.000000000;150;9501474961;B
20240201;104937;204.000000000;20;9501474962;B
20240201;104937;204.000000000;10;9501474963;B
20240201;104937;204.000000000;10;9501474964;B
20240201;104937;204.000000000;500;9501474965;B
20240201;104937;204.000000000;10;9501474966;B
20240201;104937;204.000000000;100;9501474967;B
20240201;104937;204.000000000;60;9501474968;B
20240201;104937;204.000000000;60;9501474969;B
20240201;104937;204.000000000;500;9501474970;B
20240201;104937;204.000000000;30;9501474971;B
20240201;104937;204.000000000;30;9501474972;B
20240201;104937;204.000000000;250;9501474973;B
20240201;104937;204.000000000;120;9501474974;B
20240201;104937;204.010000000;90;9501474975;B
20240201;104937;204.010000000;10;9501474976;B
20240201;104937;204.010000000;100;9501474977;B
20240201;104937;204.020000000;230;9501474978;B
20240201;104938;204.000000000;20;9501474994;B
20240201;104938;204.000000000;980;9501474995;B
20240201;104938;204.000000000;100;9501474996;B
20240201;104938;204.030000000;10;9501474997;B
20240201;104938;204.040000000;10;9501474998;B
20240201;104938;204.040000000;10;9501474999;B
20240201;104938;204.040000000;340;9501475000;B
20240201;104938;204.050000000;90;9501475001;B
20240201;104938;204.070000000;10;9501475002;B
20240201;104938;204.080000000;250;9501475003;B
20240201;104938;204.080000000;200;9501475004;B
20240201;104938;203.990000000;10;9501475007;B
20240201;104938;204.070000000;180;9501475008;B
20240201;104938;204.080000000;150;9501475009;B
20240201;104938;204.080000000;10;9501475010;B
20240201;104938;204.080000000;500;9501475014;B
20240201;104938;204.000000000;20;9501475018;B
20240201;104938;204.080000000;200;9501475019;S
20240201;104938;204.080000000;1000;9501475020;S
20240201;104938;204.080000000;20;9501475021;S
20240201;104938;204.080000000;100;9501475022;S
20240201;104938;204.080000000;500;9501475025;S
20240201;104938;204.090000000;10;9501475029;B
20240201;104938;204.090000000;20;9501475030;B
20240201;104938;204.080000000;150;9501475031;S
20240201;104938;204.080000000;10;9501475033;S
20240201;104938;204.030000000;290;9501475034;S
20240201;104938;204.020000000;180;9501475035;S
20240201;104938;204.000000000;20;9501475050;B
20240201;104938;204.080000000;180;9501475051;B
20240201;104938;204.090000000;40;9501475054;B
20240201;104938;204.090000000;60;9501475055;B
20240201;104938;204.080000000;720;9501475056;S
20240201;104938;204.080000000;1080;9501475069;S
20240201;104938;204.020000000;180;9501475070;S
20240201;104938;204.000000000;240;9501475071;S
20240201;104938;204.090000000;180;9501475074;B
20240201;104938;204.100000000;20;9501475075;B
20240201;104938;204.100000000;1000;9501475076;B
20240201;104938;204.100000000;500;9501475077;B
20240201;104938;204.110000000;140;9501475078;B
20240201;104938;204.120000000;10;9501475079;B
20240201;104938;204.130000000;150;9501475080;B
20240201;104938;204.120000000;50;9501475093;S
20240201;104938;204.120000000;20;9501475105;S
20240201;104938;204.120000000;60;9501475111;S
20240201;104938;204.130000000;60;9501475122;B
20240201;104938;204.140000000;10;9501475123;B
20240201;104938;204.140000000;60;9501475124;B
20240201;104938;204.150000000;10;9501475125;B
20240201;104938;204.150000000;60;9501475126;B
20240201;104938;204.120000000;20;9501475150;S
20240201;104938;204.010000000;180;9501475151;S
20240201;104938;204.000000000;60;9501475152;S
20240201;104938;204.000000000;40;9501475153;B
20240201;104939;204.120000000;100;9501475178;S
20240201;104939;204.120000000;10;9501475179;S
20240201;104939;204.140000000;10;9501475188;B
20240201;104939;204.150000000;40;9501475189;B
20240201;104939;204.160000000;100;9501475190;B
20240201;104939;204.180000000;10;9501475193;B
20240201;104939;204.180000000;1490;9501475194;B
20240201;104939;204.180000000;500;9501475195;B
20240201;104939;204.170000000;360;9501475215;B
20240201;104939;204.170000000;30;9501475216;B
20240201;104939;204.170000000;40;9501475217;B
20240201;104940;204.160000000;50;9501475253;B
20240201;104940;204.160000000;50;9501475270;B
20240201;104940;204.160000000;30;9501475282;B
20240201;104940;204.160000000;30;9501475283;B
20240201;104940;204.170000000;10;9501475284;B
20240201;104940;204.170000000;20;9501475285;B
20240201;104940;204.180000000;270;9501475286;B
20240201;104940;204.180000000;30;9501475289;B
20240201;104940;204.180000000;20;9501475290;B
20240201;104940;204.180000000;30;9501475291;B
20240201;104940;204.150000000;10;9501475294;S
20240201;104940;204.140000000;40;9501475295;S
20240201;104940;204.160000000;10;9501475318;B
20240201;104940;204.170000000;40;9501475319;B
20240201;104942;204.150000000;100;9501475621;B
20240201;104942;204.150000000;10;9501475622;B
20240201;104942;204.160000000;10;9501475623;B
20240201;104942;204.180000000;50;9501475634;B
20240201;104942;204.170000000;60;9501475639;B
20240201;104942;204.180000000;10;9501475669;B
20240201;104942;204.180000000;20;9501475677;B
20240201;104943;204.180000000;50;9501475713;B
20240201;104943;204.180000000;30;9501475724;B
20240201;104943;204.190000000;10;9501475725;B
20240201;104943;204.190000000;20;9501475726;B
20240201;104946;204.140000000;10;9501476161;S
20240201;104947;204.170000000;10;9501476196;B
20240201;104947;204.190000000;110;9501476197;B
20240201;104950;204.190000000;40;9501476376;B
20240201;104950;204.190000000;70;9501476381;B
20240201;104951;204.190000000;10;9501476444;B
20240201;104951;204.190000000;50;9501476466;B
20240201;104952;204.190000000;150;9501476517;B
20240201;104952;204.190000000;30;9501476532;B
20240201;104952;204.190000000;10;9501476545;B
20240201;104954;204.190000000;60;9501476707;B
20240201;104954;204.200000000;540;9501476708;B
20240201;104954;204.200000000;300;9501476736;B
20240201;104954;204.200000000;500;9501476742;B
20240201;104954;204.200000000;20;9501476747;B
20240201;104954;204.200000000;30;9501476751;B
20240201;104955;204.200000000;250;9501476772;B
20240201;104956;204.200000000;360;9501476978;B
20240201;104956;204.200000000;360;9501476979;B
20240201;104957;204.190000000;10;9501477018;S
20240201;104957;204.200000000;120;9501477019;B
20240201;104957;204.200000000;50;9501477020;B
20240201;104959;204.200000000;150;9501477210;B
20240201;105000;204.200000000;100;9501477322;B
20240201;105000;204.200000000;230;9501477359;B
20240201;105000;204.200000000;90;9501477360;B
20240201;105000;204.200000000;60;9501477361;B
20240201;105000;204.190000000;10;9501477363;S
20240201;105002;204.190000000;100;9501477483;S
20240201;105002;204.190000000;60;9501477484;S
20240201;105002;204.190000000;90;9501477485;S
20240201;105002;204.210000000;10;9501477517;S
20240201;105003;204.190000000;10;9501477578;S
20240201;105003;204.190000000;120;9501477579;S
20240201;105003;204.160000000;10;9501477580;S
20240201;105003;204.150000000;60;9501477581;S
20240201;105003;204.190000000;50;9501477635;B
20240201;105003;204.200000000;10;9501477636;B
20240201;105004;204.140000000;10;9501477684;S
20240201;105005;204.190000000;10;9501477793;B
20240201;105005;204.190000000;10;9501477794;B
20240201;105005;204.190000000;10;9501477795;B
20240201;105007;204.170000000;10;9501478139;B
20240201;105007;204.180000000;60;9501478140;B
20240201;105007;204.190000000;10;9501478141;B
20240201;105007;204.190000000;70;9501478142;B
20240201;105008;204.180000000;20;9501478249;B
20240201;105008;204.190000000;10;9501478250;B
20240201;105009;204.190000000;30;9501478465;B
20240201;105010;204.190000000;30;9501478567;B
20240201;105010;204.150000000;60;9501478595;S
20240201;105010;204.140000000;50;9501478596;S
20240201;105011;204.190000000;50;9501478696;B
20240201;105013;204.180000000;10;9501478996;B
20240201;105013;204.170000000;50;9501479072;B
20240201;105013;204.180000000;40;9501479073;B
20240201;105013;204.180000000;60;9501479074;B
20240201;105013;204.190000000;160;9501479075;B
20240201;105015;204.190000000;30;9501479277;B
20240201;105021;204.190000000;20;9501479871;B
20240201;105021;204.190000000;50;9501479872;B
20240201;105021;204.200000000;80;9501479873;B
20240201;105021;204.200000000;90;9501479874;B
20240201;105021;204.200000000;50;9501479875;B
20240201;105021;204.200000000;10;9501479876;B
20240201;105024;204.200000000;10;9501480249;B
20240201;105025;204.200000000;10;9501480295;B
20240201;105025;204.200000000;10;9501480296;B
20240201;105025;204.200000000;30;9501480297;B
20240201;105025;204.200000000;50;9501480300;B
20240201;105025;204.200000000;40;9501480301;B
20240201;105025;204.200000000;30;9501480302;B
20240201;105026;204.180000000;20;9501480369;S
20240201;105027;204.200000000;160;9501480445;B
20240201;105032;204.200000000;120;9501481382;B
20240201;105033;204.200000000;60;9501481469;B
20240201;105034;204.200000000;30;9501481668;B
20240201;105041;204.200000000;50;9501482184;B
20240201;105042;204.200000000;550;9501482281;B
20240201;105042;204.210000000;160;9501482282;B
20240201;105042;204.210000000;50;9501482283;B
20240201;105042;204.210000000;270;9501482284;B
20240201;105042;204.210000000;100;9501482285;B
20240201;105042;204.210000000;10;9501482286;B
20240201;105042;204.220000000;10;9501482287;B
20240201;105042;204.220000000;40;9501482288;B
20240201;105042;204.230000000;10;9501482289;B
20240201;105043;204.200000000;10;9501482402;B
20240201;105043;204.210000000;10;9501482403;B
20240201;105043;204.220000000;40;9501482404;B
20240201;105045;204.190000000;20;9501482539;S
20240201;105045;204.190000000;30;9501482540;S
20240201;105045;204.190000000;180;9501482555;B
20240201;105046;204.190000000;30;9501482624;B
20240201;105048;204.190000000;120;9501482798;B
20240201;105051;204.180000000;10;9501483148;S
20240201;105051;204.180000000;10;9501483149;S
20240201;105051;204.190000000;30;9501483151;B
20240201;105052;204.160000000;120;9501483239;S
20240201;105052;204.160000000;10;9501483240;S
20240201;105053;204.180000000;30;9501483355;B
20240201;105055;204.170000000;10;9501483461;B
20240201;105055;204.180000000;40;9501483462;B
20240201;105057;204.180000000;30;9501483675;B
20240201;105058;204.150000000;10;9501483691;S
20240201;105058;204.150000000;50;9501483692;S
20240201;105058;204.150000000;10;9501483693;S
20240201;105058;204.150000000;10;9501483694;S
20240201;105058;204.140000000;30;9501483695;S
20240201;105058;204.130000000;100;9501483696;S
20240201;105058;204.130000000;10;9501483697;S
20240201;105058;204.130000000;280;9501483698;S
20240201;105058;204.160000000;180;9501483705;B
20240201;105059;204.130000000;500;9501483774;S
20240201;105101;204.150000000;100;9501483910;B
20240201;105101;204.130000000;300;9501483915;S
20240201;105102;204.150000000;50;9501483962;B
20240201;105102;204.130000000;170;9501484050;S
20240201;105103;204.150000000;30;9501484059;B
20240201;105104;204.180000000;30;9501484170;B
20240201;105107;204.170000000;10;9501484371;B
20240201;105108;204.170000000;10;9501484521;B
20240201;105109;204.130000000;250;9501484596;S
20240201;105111;204.140000000;150;9501485385;B
20240201;105113;204.130000000;60;9501485533;B
20240201;105113;204.150000000;40;9501485534;B
20240201;105116;204.120000000;10;9501486041;S
20240201;105117;204.140000000;120;9501486071;B
20240201;105117;204.140000000;460;9501486091;B
20240201;105117;204.140000000;60;9501486092;B
20240201;105117;204.150000000;1480;9501486093;B
20240201;105117;204.150000000;970;9501486094;B
20240201;105117;204.180000000;30;9501486095;B
20240201;105117;204.170000000;30;9501486118;B
20240201;105117;204.170000000;120;9501486122;B
20240201;105123;204.130000000;10;9501486649;S
20240201;105126;204.130000000;30;9501486962;B
20240201;105126;204.130000000;90;9501486963;B
20240201;105126;204.120000000;80;9501486986;S
20240201;105126;204.110000000;10;9501486987;S
20240201;105126;204.100000000;90;9501486988;S
20240201;105126;204.100000000;40;9501486989;S
20240201;105126;204.100000000;40;9501486993;S
20240201;105126;204.100000000;130;9501486994;S
20240201;105126;204.100000000;30;9501486995;S
20240201;105126;204.100000000;10;9501486996;S
20240201;105126;204.100000000;20;9501486997;S
20240201;105126;204.100000000;20;9501486998;S
20240201;105126;204.100000000;30;9501486999;S
20240201;105126;204.060000000;10;9501487003;S
20240201;105126;204.020000000;30;9501487004;S
20240201;105130;204.120000000;30;9501487371;B
20240201;105130;204.120000000;10;9501487372;B
20240201;105132;204.080000000;30;9501487649;B
20240201;105135;204.030000000;10;9501487860;S
20240201;105135;204.020000000;150;9501487861;S
20240201;105135;204.010000000;90;9501487862;S
20240201;105135;204.080000000;10;9501487880;B
20240201;105142;204.080000000;60;9501488415;B
20240201;105142;204.080000000;10;9501488416;B
20240201;105146;204.080000000;10;9501488681;B
20240201;105147;204.080000000;30;9501488816;B
20240201;105148;204.080000000;30;9501488845;B
20240201;105154;204.080000000;40;9501489284;B
20240201;105155;204.080000000;10;9501489459;B
20240201;105159;204.080000000;30;9501490020;B
20240201;105201;204.020000000;10;9501490134;S
20240201;105202;204.020000000;10;9501490229;S
20240201;105202;204.070000000;10;9501490255;B
20240201;105202;204.070000000;50;9501490256;B
20240201;105202;204.080000000;10;9501490257;B
20240201;105202;204.080000000;100;9501490258;B
20240201;105203;204.090000000;40;9501490317;B
20240201;105203;204.100000000;260;9501490318;B
20240201;105206;204.080000000;330;9501491207;S
20240201;105206;204.020000000;30;9501491208;S
20240201;105206;204.020000000;520;9501491209;S
20240201;105206;204.010000000;10;9501491210;S
20240201;105206;204.010000000;50;9501491211;S
20240201;105206;204.010000000;100;9501491212;S
20240201;105206;204.010000000;100;9501491213;S
20240201;105206;204.010000000;180;9501491214;S
20240201;105206;204.000000000;30;9501491215;S
20240201;105206;204.000000000;60;9501491216;S
20240201;105206;204.000000000;50;9501491217;S
20240201;105206;204.000000000;50;9501491218;S
20240201;105206;204.000000000;10;9501491219;S
20240201;105206;204.000000000;10;9501491220;S
20240201;105209;204.020000000;50;9501491784;S
20240201;105209;204.020000000;300;9501491785;B
20240201;105212;204.020000000;40;9501492163;B
20240201;105213;204.020000000;30;9501492265;B
20240201;105213;204.010000000;260;9501492344;S
20240201;105213;204.000000000;90;9501492345;S
20240201;105213;204.000000000;550;9501492346;S
20240201;105214;204.020000000;70;9501492622;B
20240201;105214;204.080000000;50;9501492623;B
20240201;105214;204.090000000;180;9501492624;B
20240201;105214;204.100000000;30;9501492625;B
20240201;105214;204.030000000;10;9501492662;S
20240201;105218;204.100000000;240;9501493466;B
20240201;105218;204.080000000;30;9501493511;S
20240201;105219;204.100000000;30;9501493639;B
20240201;105219;204.080000000;10;9501493757;S
20240201;105224;204.100000000;10;9501494373;B
20240201;105225;204.100000000;10;9501494458;B
20240201;105226;204.100000000;60;9501494527;B
20240201;105227;204.100000000;360;9501494579;B
20240201;105227;204.110000000;50;9501494580;B
20240201;105227;204.110000000;50;9501494581;B
20240201;105227;204.140000000;100;9501494582;B
20240201;105227;204.160000000;10;9501494583;B
20240201;105227;204.160000000;100;9501494584;B
20240201;105227;204.160000000;10;9501494585;B
20240201;105227;204.170000000;40;9501494586;B
20240201;105227;204.170000000;340;9501494587;B
20240201;105227;204.180000000;20;9501494588;B
20240201;105227;204.180000000;500;9501494589;B
20240201;105227;204.180000000;100;9501494590;B
20240201;105229;204.110000000;50;9501494792;S
20240201;105231;204.180000000;30;9501494941;B
20240201;105231;204.180000000;20;9501494942;B
20240201;105231;204.190000000;710;9501494953;B
20240201;105234;204.180000000;90;9501495609;B
20240201;105234;204.190000000;910;9501495610;B
20240201;105237;204.180000000;60;9501495922;B
20240201;105237;204.180000000;90;9501495923;B
20240201;105237;204.190000000;110;9501495924;B
20240201;105239;204.170000000;200;9501496155;B
20240201;105240;204.170000000;20;9501496286;B
20240201;105241;204.170000000;100;9501496310;B
20240201;105241;204.170000000;100;9501496409;B
20240201;105247;204.170000000;30;9501496874;B
20240201;105250;204.170000000;30;9501497243;B
20240201;105252;204.170000000;120;9501497345;B
20240201;105253;204.120000000;180;9501497539;S
20240201;105253;204.120000000;50;9501497540;S
20240201;105253;204.100000000;500;9501497541;S
20240201;105253;204.100000000;100;9501497542;S
20240201;105253;204.080000000;560;9501497543;S
20240201;105253;204.080000000;100;9501497544;S
20240201;105253;204.020000000;10;9501497545;S
20240201;105254;204.160000000;100;9501497613;B
20240201;105254;204.150000000;470;9501497652;S
20240201;105302;204.100000000;30;9501498420;B
20240201;105305;204.070000000;50;9501498810;S
20240201;105305;204.050000000;50;9501498811;S
20240201;105310;204.090000000;50;9501499217;B
20240201;105310;204.100000000;130;9501499218;B
20240201;105311;204.100000000;180;9501499312;B
20240201;105319;204.070000000;10;9501499919;B
20240201;105319;204.100000000;20;9501499920;B
20240201;105323;204.100000000;60;9501500372;B
20240201;105324;204.100000000;10;9501500417;B
20240201;105324;204.110000000;50;9501500418;B
20240201;105330;204.120000000;50;9501500903;B
20240201;105331;204.120000000;50;9501501020;B
