<DATE>;<TIME>;<LAST>;<VOL>;<ID>;<OPER>
20240209;095931;198.200000000;10;9581443627;S
20240209;095931;198.200000000;10;9581443628;S
20240209;095931;198.200000000;30;9581443629;S
20240209;095931;198.200000000;80;9581443630;S
20240209;095931;198.200000000;210;9581443631;S
20240209;095931;198.200000000;10;9581443632;S
20240209;095931;198.200000000;40;9581443633;S
20240209;095931;198.200000000;250;9581443634;S
20240209;095931;198.200000000;30;9581443635;S
20240209;095931;198.200000000;30;9581443636;B
20240209;095931;198.200000000;10;9581443637;S
20240209;095931;198.200000000;20;9581443638;S
20240209;095931;198.200000000;10;9581443639;S
20240209;095931;198.200000000;30;9581443640;S
20240209;095931;198.200000000;10;9581443641;S
20240209;095931;198.200000000;50;9581443642;S
20240209;095931;198.200000000;20;9581443643;B
20240209;095931;198.200000000;10;9581443644;S
20240209;095931;198.200000000;10;9581443645;B
20240209;095931;198.200000000;130;9581443646;S
20240209;095931;198.200000000;10;9581443647;S
20240209;095931;198.200000000;10;9581443648;B
20240209;095931;198.200000000;50;9581443649;S
20240209;095931;198.200000000;10;9581443650;S
20240209;095931;198.200000000;10;9581443651;S
20240209;095931;198.200000000;50;9581443652;B
20240209;095931;198.200000000;800;9581443653;B
20240209;095931;198.200000000;1000;9581443654;B
20240209;095931;198.200000000;1000;9581443655;S
20240209;095931;198.200000000;150;9581443656;B
20240209;095931;198.200000000;100;9581443657;B
20240209;095931;198.200000000;440;9581443658;B
20240209;095931;198.200000000;310;9581443659;S
20240209;095931;198.200000000;20;9581443660;B
20240209;095931;198.200000000;130;9581443661;S
20240209;095931;198.200000000;2150;9581443662;S
20240209;095931;198.200000000;520;9581443663;S
20240209;095931;198.200000000;5350;9581443664;S
20240209;095931;198.200000000;30;9581443665;B
20240209;095931;198.200000000;70;9581443666;B
20240209;095931;198.200000000;50;9581443667;S
20240209;095931;198.200000000;13700;9581443668;S
20240209;100000;198.200000000;1000;9581450525;S
20240209;100000;198.200000000;1000;9581450577;S
20240209;100000;198.200000000;1000;9581450603;S
20240209;100000;198.210000000;400;9581450661;S
20240209;100000;198.210000000;600;9581450677;S
20240209;100000;198.200000000;640;9581450704;S
20240209;100000;198.200000000;1000;9581450748;S
20240209;100000;198.210000000;20;9581450762;S
20240209;100000;198.220000000;400;9581450773;S
20240209;100000;198.220000000;600;9581450785;S
20240209;100000;198.230000000;1000;9581450842;S
20240209;100000;198.200000000;400;9581450852;S
20240209;100000;198.200000000;600;9581450919;S
20240209;100000;198.210000000;400;9581450974;B
20240209;100000;198.210000000;100;9581450975;B
20240209;100000;198.210000000;300;9581450976;B
20240209;100000;198.210000000;400;9581450978;B
20240209;100000;198.210000000;200;9581450979;B
20240209;100000;198.210000000;200;9581450980;B
20240209;100000;198.210000000;200;9581450981;B
20240209;100000;198.210000000;200;9581450984;B
20240209;100000;198.200000000;400;9581451027;S
20240209;100000;198.200000000;600;9581451043;S
20240209;100000;198.200000000;130;9581451068;S
20240209;100000;198.200000000;800;9581451073;S
20240209;100000;198.200000000;200;9581451083;S
20240209;100000;198.210000000;100;9581451102;S
20240209;100001;198.270000000;10;9581451490;B
20240209;100001;198.270000000;380;9581451546;B
20240209;100001;198.290000000;600;9581451572;B
20240209;100001;198.290000000;920;9581451597;B
20240209;100001;198.280000000;400;9581451608;S
20240209;100001;198.280000000;600;9581451624;S
20240209;100001;198.300000000;400;9581451720;B
20240209;100001;198.300000000;20;9581451735;B
20240209;100001;198.270000000;1000;9581452336;S
20240209;100002;198.300000000;110;9581452518;B
20240209;100002;198.300000000;100;9581452716;B
20240209;100002;198.270000000;80;9581452925;S
20240209;100003;198.300000000;400;9581453509;B
20240209;100003;198.270000000;400;9581453512;S
20240209;100003;198.270000000;400;9581453514;S
20240209;100003;198.300000000;5010;9581453520;B
20240209;100003;198.310000000;400;9581453522;S
20240209;100003;198.300000000;600;9581453525;S
20240209;100003;198.300000000;300;9581453527;S
20240209;100003;198.300000000;100;9581453528;S
20240209;100003;198.300000000;600;9581453529;S
20240209;100003;198.330000000;30;9581453543;B
20240209;100003;198.330000000;30;9581453544;B
20240209;100003;198.400000000;30;9581453564;B
20240209;100003;198.440000000;30;9581453581;B
20240209;100003;198.450000000;200;9581453598;S
20240209;100003;198.500000000;10;9581453609;B
20240209;100003;198.500000000;20;9581453610;B
20240209;100003;198.500000000;150;9581453611;S
20240209;100003;198.500000000;200;9581453612;S
20240209;100003;198.490000000;350;9581453613;S
20240209;100003;198.490000000;350;9581453614;S
20240209;100003;198.560000000;400;9581453625;B
20240209;100004;198.410000000;10;9581454368;S
20240209;100004;198.410000000;100;9581454527;S
20240209;100005;198.450000000;400;9581454703;B
20240209;100005;198.440000000;10;9581454704;S
20240209;100005;198.440000000;390;9581454705;S
20240209;100005;198.410000000;600;9581454707;S
20240209;100005;198.410000000;10;9581455367;S
20240209;100006;198.410000000;10;9581455979;S
20240209;100006;198.410000000;150;9581456496;S
20240209;100006;198.590000000;10;9581456527;B
20240209;100006;198.410000000;10;9581456529;S
20240209;100006;198.590000000;900;9581457397;B
20240209;100006;198.610000000;10;9581457398;B
20240209;100007;198.410000000;220;9581457627;S
20240209;100007;198.400000000;10;9581457628;S
20240209;100007;198.350000000;20;9581457629;S
20240209;100007;198.360000000;70;9581457637;S
20240209;100008;198.360000000;100;9581459351;S
20240209;100010;198.420000000;60;9581460687;S
20240209;100010;198.420000000;10;9581460688;S
20240209;100010;198.420000000;10;9581460705;S
20240209;100010;198.580000000;10;9581460706;B
20240209;100010;198.540000000;10;9581460959;B
20240209;100014;198.430000000;10;9581463077;S
20240209;100015;198.610000000;10;9581463239;B
20240209;100015;198.630000000;990;9581463240;B
20240209;100015;198.440000000;200;9581463258;S
20240209;100015;198.430000000;50;9581463455;S
20240209;100016;198.630000000;20;9581464256;B
20240209;100019;198.440000000;160;9581465634;S
20240209;100019;198.430000000;90;9581465635;S
20240209;100019;198.420000000;30;9581465636;S
20240209;100019;198.380000000;1000;9581465637;S
20240209;100019;198.380000000;720;9581465638;S
20240209;100019;198.360000000;300;9581465639;S
20240209;100019;198.340000000;20;9581465640;S
20240209;100019;198.300000000;400;9581465641;S
20240209;100019;198.290000000;280;9581465642;S
20240209;100020;198.390000000;100;9581466361;S
20240209;100020;198.350000000;1000;9581466362;S
20240209;100020;198.340000000;100;9581466377;S
20240209;100020;198.300000000;900;9581466380;S
20240209;100020;198.300000000;100;9581466381;S
20240209;100020;198.300000000;900;9581466382;S
20240209;100020;198.310000000;900;9581466383;S
20240209;100020;198.310000000;640;9581466384;S
20240209;100020;198.280000000;20;9581466387;S
20240209;100020;198.280000000;240;9581466388;S
20240209;100021;198.460000000;1000;9581466494;B
20240209;100021;198.410000000;40;9581466795;S
20240209;100021;198.410000000;60;9581466827;S
20240209;100022;198.410000000;20;9581466990;B
20240209;100023;198.290000000;30;9581467375;S
20240209;100023;198.500000000;20;9581467491;B
20240209;100025;198.460000000;40;9581467914;B
20240209;100025;198.480000000;10;9581467923;S
20240209;100028;198.470000000;80;9581468567;B
20240209;100029;198.430000000;10;9581468896;S
20240209;100029;198.340000000;10;9581468897;S
20240209;100029;198.290000000;10;9581468898;S
20240209;100029;198.290000000;20;9581468899;S
20240209;100029;198.290000000;30;9581468900;S
20240209;100032;198.470000000;120;9581469602;B
20240209;100036;198.520000000;10;9581470539;B
20240209;100037;198.500000000;40;9581470826;B
20240209;100037;198.540000000;10;9581470827;B
20240209;100037;198.570000000;150;9581470828;B
20240209;100043;198.290000000;20;9581472000;S
20240209;100043;198.290000000;20;9581472182;S
20240209;100043;198.290000000;10;9581472184;S
20240209;100043;198.290000000;20;9581472185;S
20240209;100043;198.290000000;20;9581472186;S
20240209;100043;198.290000000;10;9581472187;S
20240209;100044;198.490000000;30;9581472302;B
20240209;100044;198.390000000;80;9581472354;S
20240209;100045;198.490000000;20;9581472603;B
20240209;100050;198.420000000;10;9581474064;S
20240209;100050;198.420000000;30;9581474102;S
20240209;100051;198.490000000;40;9581474353;B
20240209;100053;198.490000000;10;9581474683;B
20240209;100055;198.490000000;50;9581475477;B
20240209;100055;198.490000000;10;9581475677;B
20240209;100056;198.490000000;40;9581475861;S
20240209;100056;198.430000000;70;9581475862;S
20240209;100057;198.570000000;50;9581476178;B
20240209;100058;198.490000000;10;9581476329;B
20240209;100059;198.420000000;20;9581476566;S
20240209;100059;198.340000000;10;9581476567;S
20240209;100059;198.340000000;20;9581476568;S
20240209;100059;198.340000000;20;9581476569;S
20240209;100059;198.340000000;10;9581476570;S
20240209;100102;198.340000000;140;9581477089;S
20240209;100102;198.330000000;100;9581477090;S
20240209;100102;198.330000000;100;9581477091;S
20240209;100102;198.330000000;1000;9581477092;S
20240209;100102;198.320000000;400;9581477093;S
20240209;100102;198.300000000;10;9581477094;S
20240209;100102;198.300000000;30;9581477095;S
20240209;100102;198.290000000;70;9581477096;S
20240209;100102;198.280000000;4760;9581477097;S
20240209;100102;198.280000000;50;9581477098;S
20240209;100102;198.260000000;50;9581477099;S
20240209;100102;198.260000000;1800;9581477100;S
20240209;100102;198.250000000;30;9581477101;S
20240209;100102;198.230000000;10;9581477102;S
20240209;100102;198.220000000;50;9581477103;S
20240209;100102;198.220000000;1520;9581477104;S
20240209;100102;198.210000000;200;9581477105;S
20240209;100102;198.210000000;1000;9581477106;S
20240209;100102;198.210000000;250;9581477107;S
20240209;100102;198.210000000;80;9581477108;S
20240209;100102;198.200000000;33850;9581477109;S
20240209;100103;198.340000000;10;9581477313;S
20240209;100112;198.320000000;10;9581479709;B
20240209;100112;198.320000000;10;9581479779;B
20240209;100115;198.270000000;30;9581480169;S
20240209;100115;198.270000000;20;9581480172;S
20240209;100115;198.270000000;10;9581480173;S
20240209;100115;198.270000000;20;9581480174;S
20240209;100117;198.320000000;180;9581480528;B
20240209;100117;198.330000000;100;9581480529;B
20240209;100117;198.330000000;50;9581480530;B
20240209;100122;198.350000000;10;9581481364;S
20240209;100129;198.350000000;10;9581482457;S
20240209;100129;198.350000000;20;9581482458;S
20240209;100129;198.350000000;10;9581482459;S
20240209;100129;198.350000000;20;9581482460;S
20240209;100129;198.350000000;20;9581482461;S
20240209;100132;198.390000000;10;9581483112;B
20240209;100139;198.400000000;10;9581484106;B
20240209;100143;198.370000000;10;9581484797;S
20240209;100143;198.360000000;50;9581484798;S
20240209;100144;198.360000000;10;9581484984;B
20240209;100145;198.350000000;10;9581485117;S
20240209;100145;198.340000000;10;9581485118;S
20240209;100145;198.340000000;20;9581485119;S
20240209;100145;198.340000000;20;9581485121;S
20240209;100145;198.330000000;30;9581485123;S
20240209;100146;198.350000000;20;9581485317;S
20240209;100149;198.340000000;30;9581485754;B
20240209;100149;198.340000000;20;9581485755;B
20240209;100149;198.340000000;100;9581485800;B
20240209;100149;198.340000000;10;9581485864;B
20240209;100150;198.340000000;40;9581486033;B
20240209;100150;198.360000000;10;9581486034;B
20240209;100150;198.360000000;100;9581486035;B
20240209;100153;198.370000000;40;9581486436;B
20240209;100153;198.370000000;1000;9581486614;B
20240209;100155;198.360000000;160;9581486974;S
20240209;100155;198.350000000;450;9581486975;S
20240209;100155;198.330000000;90;9581486976;S
20240209;100155;198.370000000;70;9581486986;B
20240209;100156;198.370000000;100;9581487034;B
20240209;100157;198.370000000;100;9581487274;B
20240209;100159;198.330000000;10;9581487446;S
20240209;100159;198.370000000;10;9581487457;B
20240209;100201;198.350000000;20;9581487804;S
20240209;100201;198.350000000;10;9581487814;S
20240209;100201;198.350000000;30;9581487815;S
20240209;100201;198.350000000;20;9581487817;S
20240209;100201;198.350000000;10;9581487818;S
20240209;100201;198.370000000;10;9581487821;B
20240209;100203;198.360000000;10;9581488206;B
20240209;100203;198.360000000;50;9581488277;B
20240209;100206;198.360000000;20;9581488821;B
20240209;100206;198.350000000;200;9581488924;S
20240209;100207;198.360000000;10;9581489026;B
20240209;100208;198.360000000;10;9581489146;B
20240209;100208;198.370000000;110;9581489147;B
20240209;100210;198.370000000;20;9581489381;B
20240209;100211;198.350000000;80;9581489624;S
20240209;100212;198.350000000;530;9581489731;S
20240209;100212;198.340000000;20;9581489732;S
20240209;100214;198.340000000;10;9581490186;S
20240209;100217;198.360000000;10;9581490560;B
20240209;100217;198.340000000;20;9581490580;S
20240209;100217;198.340000000;10;9581490581;S
20240209;100217;198.340000000;20;9581490589;S
20240209;100217;198.340000000;10;9581490608;S
20240209;100219;198.370000000;490;9581491653;B
20240209;100220;198.370000000;10;9581492439;B
20240209;100225;198.370000000;120;9581493366;B
20240209;100227;198.360000000;30;9581493753;S
20240209;100228;198.370000000;30;9581493815;B
20240209;100228;198.360000000;30;9581493824;S
20240209;100230;198.360000000;400;9581494282;B
20240209;100232;198.350000000;30;9581494518;S
20240209;100232;198.350000000;10;9581494519;S
20240209;100232;198.350000000;20;9581494520;S
20240209;100232;198.350000000;10;9581494521;S
20240209;100232;198.330000000;10;9581494522;S
20240209;100232;198.330000000;10;9581494523;S
20240209;100233;198.360000000;20;9581494652;B
20240209;100235;198.340000000;20;9581494968;S
20240209;100235;198.340000000;30;9581494981;B
20240209;100235;198.360000000;90;9581494982;B
20240209;100239;198.350000000;20;9581495469;B
20240209;100240;198.350000000;50;9581495611;B
20240209;100241;198.350000000;590;9581495912;B
20240209;100241;198.360000000;100;9581495913;B
20240209;100241;198.370000000;160;9581495914;B
20240209;100245;198.350000000;20;9581496341;S
20240209;100245;198.330000000;20;9581496342;S
20240209;100245;198.300000000;20;9581496343;S
20240209;100245;198.250000000;90;9581496344;S
20240209;100246;198.260000000;20;9581496464;S
20240209;100246;198.230000000;30;9581496465;S
20240209;100246;198.230000000;10;9581496467;S
20240209;100246;198.230000000;20;9581496468;S
20240209;100250;198.320000000;150;9581497006;B
20240209;100250;198.330000000;20;9581497007;B
20240209;100250;198.330000000;20;9581497008;B
20240209;100251;198.370000000;1280;9581497230;B
20240209;100252;198.370000000;10;9581497276;B
20240209;100252;198.370000000;10;9581497280;B
20240209;100253;198.370000000;500;9581497410;B
20240209;100254;198.370000000;20;9581497539;B
20240209;100258;198.360000000;500;9581498062;S
20240209;100258;198.350000000;10;9581498063;S
20240209;100258;198.340000000;10;9581498064;S
20240209;100258;198.330000000;180;9581498065;S
20240209;100301;198.340000000;10;9581498459;S
20240209;100301;198.330000000;10;9581498460;S
20240209;100301;198.340000000;10;9581498462;S
20240209;100301;198.330000000;10;9581498463;S
20240209;100301;198.330000000;20;9581498464;S
20240209;100301;198.330000000;10;9581498466;S
20240209;100307;198.360000000;50;9581499419;B
20240209;100309;198.360000000;50;9581499783;B
20240209;100309;198.370000000;1350;9581499784;B
20240209;100316;198.340000000;20;9581501569;S
20240209;100316;198.340000000;20;9581501570;S
20240209;100316;198.340000000;10;9581501571;S
20240209;100316;198.340000000;30;9581501572;S
20240209;100318;198.370000000;60;9581501780;B
20240209;100318;198.400000000;400;9581501781;B
20240209;100318;198.410000000;250;9581501782;B
20240209;100318;198.420000000;290;9581501783;B
20240209;100318;198.420000000;500;9581501784;B
20240209;100327;198.420000000;30;9581503234;S
20240209;100327;198.420000000;10;9581503281;S
20240209;100328;198.420000000;10;9581503397;S
20240209;100329;198.420000000;40;9581503668;S
20240209;100331;198.430000000;10;9581503876;B
20240209;100332;198.420000000;20;9581503957;S
20240209;100332;198.420000000;30;9581503958;S
20240209;100332;198.420000000;20;9581503959;S
20240209;100332;198.420000000;10;9581503960;S
20240209;100334;198.420000000;100;9581504263;S
20240209;100334;198.430000000;10;9581504273;B
20240209;100338;198.430000000;10;9581504830;B
20240209;100342;198.430000000;20;9581505376;B
20240209;100343;198.420000000;1730;9581505511;S
20240209;100343;198.420000000;1520;9581505512;S
20240209;100343;198.420000000;10;9581505513;S
20240209;100346;198.380000000;20;9581506008;S
20240209;100346;198.370000000;20;9581506011;S
20240209;100346;198.370000000;10;9581506012;S
20240209;100346;198.370000000;30;9581506013;S
20240209;100350;198.370000000;200;9581506603;S
20240209;100350;198.370000000;40;9581506608;S
20240209;100350;198.370000000;30;9581506609;S
20240209;100352;198.370000000;50;9581506865;S
20240209;100356;198.370000000;2520;9581507516;S
20240209;100356;198.370000000;10;9581507517;S
20240209;100356;198.360000000;10;9581507525;S
20240209;100356;198.350000000;590;9581507531;S
20240209;100356;198.340000000;10;9581507533;S
20240209;100356;198.340000000;180;9581507534;S
20240209;100356;198.330000000;100;9581507535;S
20240209;100356;198.330000000;1480;9581507538;S
20240209;100356;198.300000000;10;9581507540;S
20240209;100401;198.270000000;10;9581508242;S
20240209;100401;198.270000000;10;9581508245;S
20240209;100401;198.260000000;10;9581508246;S
20240209;100401;198.260000000;20;9581508247;S
20240209;100401;198.260000000;20;9581508248;S
20240209;100401;198.250000000;30;9581508249;S
20240209;100410;198.370000000;180;9581509317;B
20240209;100410;198.380000000;620;9581509318;B
20240209;100416;198.280000000;10;9581510163;S
20240209;100416;198.270000000;40;9581510164;S
20240209;100417;198.270000000;10;9581510337;S
20240209;100417;198.270000000;10;9581510345;S
20240209;100417;198.270000000;30;9581510346;S
20240209;100417;198.270000000;20;9581510347;S
20240209;100418;198.270000000;100;9581510448;S
20240209;100418;198.260000000;10;9581510449;S
20240209;100418;198.250000000;20;9581510450;S
20240209;100418;198.250000000;70;9581510451;S
20240209;100420;198.250000000;40;9581510688;S
20240209;100420;198.240000000;250;9581510689;S
20240209;100420;198.240000000;50;9581510690;S
20240209;100420;198.240000000;10;9581510691;S
20240209;100420;198.240000000;10;9581510692;S
20240209;100420;198.230000000;30;9581510693;S
20240209;100420;198.230000000;10;9581510694;S
20240209;100420;198.230000000;870;9581510695;S
20240209;100425;198.220000000;50;9581511411;S
20240209;100425;198.220000000;500;9581511412;S
20240209;100425;198.220000000;100;9581511413;S
20240209;100425;198.220000000;70;9581511414;S
20240209;100429;198.280000000;10;9581511955;B
20240209;100429;198.290000000;10;9581511956;B
20240209;100432;198.270000000;30;9581512483;S
20240209;100432;198.270000000;10;9581512495;S
20240209;100432;198.230000000;10;9581512496;S
20240209;100432;198.240000000;10;9581512497;S
20240209;100432;198.240000000;10;9581512498;S
20240209;100435;198.290000000;10;9581512903;B
20240209;100436;198.290000000;10;9581513092;B
20240209;100439;198.240000000;70;9581513377;S
20240209;100439;198.240000000;10;9581513378;S
20240209;100446;198.300000000;10;9581514338;B
20240209;100447;198.250000000;30;9581514439;S
20240209;100447;198.250000000;10;9581514441;S
20240209;100447;198.250000000;20;9581514442;S
20240209;100447;198.250000000;10;9581514443;S
20240209;100447;198.250000000;30;9581514444;S
20240209;100450;198.250000000;10;9581514727;S
20240209;100450;198.250000000;20;9581514728;S
20240209;100450;198.240000000;10;9581514729;S
20240209;100450;198.240000000;50;9581514730;S
20240209;100450;198.300000000;20;9581514768;B
20240209;100453;198.290000000;20;9581515227;B
20240209;100455;198.290000000;60;9581515571;S
20240209;100501;198.250000000;10;9581516360;S
20240209;100501;198.250000000;10;9581516361;S
20240209;100501;198.250000000;20;9581516370;S
20240209;100501;198.250000000;10;9581516371;S
20240209;100501;198.250000000;10;9581516372;S
20240209;100506;198.250000000;150;9581518025;S
20240209;100506;198.250000000;20;9581518026;S
20240209;100509;198.240000000;50;9581518666;S
20240209;100509;198.240000000;10;9581518667;S
20240209;100510;198.250000000;10;9581518836;B
20240209;100512;198.230000000;90;9581519392;S
20240209;100512;198.230000000;500;9581519393;S
20240209;100512;198.230000000;10;9581519394;S
20240209;100512;198.220000000;30;9581519395;S
20240209;100512;198.220000000;10;9581519396;S
20240209;100512;198.220000000;10;9581519397;S
20240209;100512;198.220000000;50;9581519398;S
20240209;100512;198.220000000;250;9581519436;S
20240209;100512;198.210000000;10;9581519484;S
20240209;100512;198.210000000;200;9581519485;S
20240209;100512;198.210000000;300;9581519486;S
20240209;100512;198.210000000;100;9581519487;S
20240209;100512;198.210000000;250;9581519488;S
20240209;100512;198.210000000;10;9581519489;S
20240209;100512;198.210000000;70;9581519490;S
20240209;100512;198.210000000;20;9581519491;S
20240209;100512;198.200000000;350;9581519492;S
20240209;100512;198.200000000;1850;9581519493;S
20240209;100512;198.200000000;250;9581519512;S
20240209;100514;198.200000000;20;9581519731;S
20240209;100515;198.200000000;10;9581519962;S
20240209;100515;198.250000000;10;9581519965;B
20240209;100517;198.200000000;70;9581520370;S
20240209;100517;198.200000000;20;9581520374;S
20240209;100519;198.240000000;20;9581520616;B
20240209;100520;198.200000000;1300;9581520733;S
20240209;100521;198.200000000;30;9581521007;S
20240209;100522;198.200000000;10;9581521075;S
20240209;100523;198.200000000;10;9581521207;S
20240209;100523;198.210000000;10;9581521325;B
20240209;100524;198.200000000;10;9581521353;S
20240209;100525;198.210000000;20;9581521556;B
20240209;100525;198.210000000;70;9581521624;B
20240209;100525;198.220000000;430;9581521625;B
20240209;100525;198.200000000;50;9581521626;S
20240209;100525;198.200000000;10;9581521627;S
20240209;100525;198.200000000;60;9581521628;S
20240209;100525;198.200000000;10;9581521718;S
20240209;100525;198.200000000;10;9581521722;S
20240209;100525;198.200000000;10;9581521741;S
20240209;100526;198.230000000;10;9581521797;B
20240209;100526;198.200000000;10;9581521887;S
20240209;100526;198.200000000;10;9581521903;S
20240209;100526;198.200000000;10;9581521907;S
20240209;100526;198.200000000;10;9581521910;S
20240209;100526;198.200000000;10;9581521945;S
20240209;100526;198.200000000;10;9581521953;S
20240209;100526;198.200000000;10;9581521959;S
20240209;100526;198.200000000;10;9581521975;S
20240209;100527;198.200000000;10;9581521979;S
20240209;100527;198.200000000;10;9581521989;S
20240209;100527;198.200000000;10;9581521993;S
20240209;100527;198.200000000;10;9581521999;S
20240209;100527;198.200000000;10;9581522007;S
20240209;100527;198.200000000;10;9581522008;S
20240209;100527;198.200000000;10;9581522009;S
20240209;100527;198.210000000;10;9581522157;S
20240209;100527;198.200000000;10;9581522171;S
20240209;100528;198.200000000;10;9581522247;S
20240209;100529;198.210000000;20;9581522596;B
20240209;100529;198.210000000;140;9581522597;B
20240209;100529;198.200000000;51800;9581522598;S
20240209;100529;198.200000000;2500;9581522599;S
20240209;100529;198.200000000;100;9581522601;S
20240209;100529;198.200000000;80;9581522633;S
20240209;100529;198.200000000;30;9581522634;S
20240209;100530;198.200000000;110;9581522702;S
20240209;100530;198.200000000;40;9581522715;S
20240209;100530;198.200000000;530;9581522729;S
20240209;100530;198.200000000;100;9581522730;S
20240209;100530;198.200000000;590;9581522731;S
20240209;100530;198.200000000;2000;9581522734;S
20240209;100530;198.200000000;200;9581522751;S
20240209;100530;198.200000000;500;9581522822;S
20240209;100530;198.200000000;10;9581522835;S
20240209;100530;198.200000000;500;9581522836;S
20240209;100530;198.200000000;500;9581522863;S
20240209;100530;198.200000000;200;9581522900;S
20240209;100530;198.200000000;10000;9581522920;S
20240209;100530;198.200000000;2570;9581522921;S
20240209;100530;198.200000000;2360;9581522922;S
20240209;100530;198.200000000;500;9581522928;S
20240209;100530;198.200000000;500;9581522944;S
20240209;100530;198.200000000;500;9581522945;S
20240209;100530;198.200000000;200;9581522946;S
20240209;100530;198.200000000;20;9581522948;S
20240209;100530;198.200000000;200;9581522957;S
20240209;100530;198.200000000;100;9581522981;S
20240209;100530;198.200000000;90;9581522982;S
20240209;100530;198.200000000;20;9581522983;S
20240209;100530;198.200000000;400;9581522990;S
20240209;100530;198.200000000;500;9581522995;S
20240209;100530;198.200000000;40;9581522998;S
20240209;100531;198.200000000;40;9581523037;S
20240209;100531;198.200000000;1000;9581523067;S
20240209;100531;198.200000000;30;9581523068;S
20240209;100531;198.200000000;50;9581523072;S
20240209;100531;198.200000000;180;9581523073;S
20240209;100531;198.200000000;100;9581523074;S
20240209;100531;198.200000000;6000;9581523087;S
20240209;100531;198.200000000;2500;9581523088;S
20240209;100531;198.200000000;13090;9581523089;S
20240209;100531;198.200000000;200;9581523090;S
20240209;100531;198.200000000;1000;9581523091;S
20240209;100531;198.200000000;1000;9581523092;S
20240209;100531;198.200000000;10;9581523093;S
20240209;100531;198.200000000;90;9581523094;S
20240209;100531;198.200000000;40;9581523095;S
20240209;100531;198.200000000;30;9581523096;S
20240209;100531;198.200000000;10;9581523097;S
20240209;100531;198.200000000;10;9581523098;S
20240209;100531;198.200000000;10;9581523099;S
20240209;100531;198.180000000;180;9581523100;S
20240209;100531;198.170000000;10;9581523101;S
20240209;100531;198.170000000;10;9581523102;S
20240209;100531;198.170000000;10;9581523103;S
20240209;100531;198.170000000;90;9581523104;S
20240209;100531;198.170000000;10;9581523105;S
20240209;100531;198.170000000;100;9581523106;S
20240209;100531;198.170000000;10;9581523107;S
20240209;100531;198.170000000;30;9581523108;S
20240209;100531;198.170000000;20;9581523109;S
20240209;100531;198.170000000;350;9581523110;S
20240209;100531;198.170000000;30;9581523111;S
20240209;100531;198.170000000;150;9581523112;S
20240209;100531;198.170000000;20;9581523113;S
20240209;100531;198.170000000;10;9581523114;S
20240209;100531;198.170000000;300;9581523126;S
20240209;100531;198.170000000;30;9581523127;S
20240209;100531;198.170000000;70;9581523128;S
20240209;100531;198.170000000;930;9581523129;S
20240209;100531;198.170000000;40;9581523130;S
20240209;100531;198.170000000;30;9581523131;S
20240209;100531;198.170000000;1000;9581523132;S
20240209;100531;198.170000000;1000;9581523134;S
20240209;100531;198.170000000;90;9581523142;S
20240209;100531;198.170000000;1000;9581523143;S
20240209;100531;198.170000000;30;9581523146;S
20240209;100531;198.170000000;20;9581523147;S
20240209;100531;198.150000000;100;9581523148;S
20240209;100531;198.150000000;30;9581523149;S
20240209;100531;198.150000000;30;9581523150;S
20240209;100531;198.140000000;60;9581523151;S
20240209;100531;198.140000000;40;9581523152;S
20240209;100531;198.110000000;20;9581523159;S
20240209;100531;198.110000000;70;9581523160;S
20240209;100531;198.110000000;30;9581523161;S
20240209;100531;198.100000000;10;9581523162;S
20240209;100531;198.100000000;30;9581523163;S
20240209;100531;198.100000000;100;9581523164;S
20240209;100531;198.100000000;40;9581523165;S
20240209;100531;198.100000000;110;9581523166;S
20240209;100531;198.100000000;20;9581523167;S
20240209;100531;198.100000000;830;9581523172;S
20240209;100531;198.080000000;10;9581523173;S
20240209;100531;198.040000000;100;9581523174;S
20240209;100531;198.040000000;80;9581523175;S
20240209;100531;198.030000000;50;9581523176;S
20240209;100531;198.030000000;30;9581523177;S
20240209;100531;198.020000000;300;9581523178;S
20240209;100531;198.010000000;30;9581523179;S
20240209;100531;198.010000000;30;9581523180;S
20240209;100531;198.010000000;10;9581523181;S
20240209;100531;198.010000000;470;9581523182;S
20240209;100531;198.000000000;60;9581523183;S
20240209;100531;198.000000000;240;9581523186;S
20240209;100531;198.000000000;10;9581523187;S
20240209;100531;198.000000000;10;9581523188;S
20240209;100531;198.000000000;10;9581523189;S
20240209;100531;198.000000000;50;9581523190;S
20240209;100531;198.000000000;180;9581523191;S
20240209;100531;198.000000000;10;9581523196;S
20240209;100531;198.010000000;20;9581523198;S
20240209;100531;198.010000000;10;9581523202;S
20240209;100531;198.010000000;20;9581523203;S
20240209;100531;198.010000000;10;9581523204;S
20240209;100531;198.010000000;20;9581523206;S
20240209;100531;198.010000000;20;9581523207;S
20240209;100531;198.010000000;30;9581523208;S
20240209;100531;198.000000000;10;9581523217;S
20240209;100531;198.000000000;20;9581523218;S
20240209;100531;198.000000000;30;9581523223;S
20240209;100531;198.000000000;20;9581523224;S
20240209;100531;198.000000000;10;9581523267;S
20240209;100531;198.000000000;10;9581523290;S
20240209;100531;198.000000000;10;9581523294;S
20240209;100531;198.000000000;20;9581523309;S
20240209;100531;198.030000000;10;9581523311;B
20240209;100532;198.010000000;130;9581523373;B
20240209;100532;198.020000000;500;9581523374;B
20240209;100532;198.030000000;4990;9581523375;B
20240209;100532;198.050000000;380;9581523376;B
20240209;100532;198.000000000;300;9581523430;S
20240209;100532;198.070000000;30;9581523456;B
20240209;100534;198.020000000;200;9581523933;S
20240209;100534;198.020000000;10;9581523934;S
20240209;100534;198.010000000;100;9581523935;S
20240209;100534;198.000000000;140;9581523936;S
20240209;100535;198.050000000;20;9581524127;B
20240209;100535;198.010000000;50;9581524204;S
20240209;100535;198.000000000;20;9581524205;S
20240209;100535;198.000000000;30;9581524206;S
20240209;100535;198.000000000;10;9581524207;S
20240209;100535;198.000000000;380;9581524241;S
20240209;100536;198.000000000;10;9581524300;S
20240209;100536;198.000000000;40;9581524311;S
20240209;100536;198.000000000;20;9581524312;S
20240209;100536;198.000000000;10;9581524313;S
20240209;100536;198.000000000;100;9581524314;S
20240209;100536;198.000000000;30;9581524315;S
20240209;100536;198.000000000;10;9581524326;S
20240209;100536;198.000000000;90;9581524327;S
20240209;100536;198.000000000;10;9581524351;S
20240209;100536;198.000000000;120;9581524352;S
20240209;100536;198.000000000;10;9581524353;S
20240209;100536;198.000000000;10;9581524354;S
20240209;100536;198.000000000;10;9581524355;S
20240209;100536;198.000000000;340;9581524356;S
20240209;100536;198.000000000;10;9581524357;S
20240209;100537;198.010000000;10;9581524446;B
20240209;100537;198.000000000;10;9581524503;S
20240209;100537;198.000000000;10;9581524932;S
20240209;100537;198.000000000;130;9581525026;S
20240209;100537;198.000000000;10;9581525027;S
20240209;100537;198.000000000;10;9581525028;S
20240209;100537;198.000000000;850;9581525029;S
20240209;100538;198.000000000;100;9581525106;S
20240209;100538;198.000000000;80;9581525180;S
20240209;100538;198.000000000;10;9581525291;S
20240209;100538;198.000000000;250;9581525292;S
20240209;100538;198.000000000;10;9581525354;S
20240209;100538;198.000000000;10;9581525423;S
20240209;100538;198.000000000;10;9581525550;S
20240209;100538;198.000000000;20;9581525551;S
20240209;100538;198.000000000;410;9581525626;S
20240209;100538;198.000000000;10;9581525627;S
20240209;100538;198.000000000;50;9581525731;S
20240209;100539;198.000000000;80;9581525788;S
20240209;100539;198.000000000;10;9581525795;S
20240209;100539;198.000000000;100;9581525845;S
20240209;100539;198.000000000;10;9581525846;S
20240209;100539;198.000000000;60;9581525847;S
20240209;100539;198.000000000;130;9581525848;S
20240209;100539;198.000000000;100;9581525849;S
20240209;100540;198.000000000;20;9581526197;S
20240209;100540;198.000000000;400;9581526209;S
20240209;100540;198.000000000;230;9581526291;S
20240209;100540;198.000000000;450;9581526292;S
20240209;100540;198.000000000;310;9581526323;S
20240209;100540;198.000000000;10;9581526324;S
20240209;100540;198.000000000;10;9581526325;S
20240209;100540;198.000000000;70;9581526326;S
20240209;100540;198.000000000;850;9581526488;S
20240209;100540;198.000000000;60;9581526494;S
20240209;100540;198.000000000;10;9581526495;S
20240209;100540;198.000000000;10;9581526502;S
20240209;100540;198.000000000;10;9581526503;S
20240209;100540;198.000000000;10;9581526504;S
20240209;100541;197.990000000;10;9581526744;S
20240209;100541;197.990000000;40;9581526745;S
20240209;100541;197.950000000;10;9581526941;S
20240209;100541;197.950000000;50;9581527124;S
20240209;100541;197.950000000;300;9581527125;S
20240209;100541;197.940000000;50;9581527126;S
20240209;100541;197.940000000;20;9581527127;S
20240209;100541;197.910000000;10;9581527128;S
20240209;100541;197.900000000;10;9581527129;S
20240209;100541;197.890000000;100;9581527130;S
20240209;100541;197.880000000;100;9581527131;S
20240209;100541;197.880000000;50;9581527132;S
20240209;100541;197.870000000;50;9581527133;S
20240209;100541;197.850000000;100;9581527134;S
20240209;100541;197.850000000;50;9581527135;S
20240209;100541;197.840000000;500;9581527136;S
20240209;100541;197.830000000;110;9581527137;S
20240209;100542;197.830000000;40;9581527247;S
20240209;100542;197.920000000;140;9581527375;B
20240209;100542;197.930000000;60;9581527376;B
20240209;100542;197.930000000;30;9581527482;B
20240209;100542;197.930000000;10;9581527515;B
20240209;100542;197.840000000;180;9581527525;S
20240209;100542;197.830000000;350;9581527526;S
20240209;100542;197.820000000;70;9581527527;S
20240209;100542;197.820000000;100;9581527528;S
20240209;100542;197.820000000;40;9581527529;B
20240209;100542;197.920000000;60;9581527539;B
20240209;100542;197.890000000;10;9581527562;B
20240209;100543;197.860000000;10;9581527736;B
20240209;100544;197.890000000;10;9581528091;B
20240209;100545;197.890000000;40;9581528253;B
20240209;100546;197.850000000;400;9581528791;S
20240209;100547;197.840000000;30;9581529034;S
20240209;100547;197.840000000;20;9581529101;S
20240209;100547;197.840000000;20;9581529105;S
20240209;100547;197.840000000;30;9581529107;S
20240209;100547;197.840000000;20;9581529108;S
20240209;100548;197.840000000;150;9581529645;S
20240209;100548;197.930000000;60;9581529673;B
20240209;100548;197.950000000;40;9581529674;B
20240209;100548;197.950000000;30;9581529764;B
20240209;100549;197.850000000;10;9581529844;S
20240209;100549;197.850000000;100;9581529845;S
20240209;100549;197.840000000;230;9581529846;S
20240209;100549;197.840000000;120;9581529847;S
20240209;100549;197.840000000;90;9581530190;S
20240209;100549;197.830000000;40;9581530191;S
20240209;100549;197.830000000;100;9581530192;S
20240209;100549;197.810000000;50;9581530193;S
20240209;100549;197.810000000;10;9581530194;S
20240209;100549;197.800000000;200;9581530195;S
20240209;100549;197.800000000;150;9581530196;S
20240209;100549;197.800000000;30;9581530197;S
20240209;100549;197.800000000;30;9581530198;S
20240209;100549;197.800000000;150;9581530199;S
20240209;100549;197.800000000;30;9581530200;S
20240209;100549;197.800000000;10;9581530201;S
20240209;100549;197.800000000;100;9581530202;S
20240209;100549;197.800000000;500;9581530224;B
20240209;100549;197.800000000;10;9581530249;B
20240209;100549;197.840000000;500;9581530250;B
20240209;100549;197.860000000;120;9581530251;B
20240209;100549;197.920000000;370;9581530252;B
20240209;100550;197.800000000;20;9581530279;S
20240209;100550;197.780000000;50;9581530280;S
20240209;100550;197.780000000;30;9581530281;S
20240209;100550;197.780000000;180;9581530282;S
20240209;100550;197.770000000;300;9581530283;S
20240209;100550;197.770000000;40;9581530284;S
20240209;100550;197.760000000;80;9581530285;S
20240209;100550;197.760000000;10;9581530286;S
20240209;100550;197.760000000;30;9581530287;S
20240209;100550;197.760000000;20;9581530288;S
20240209;100550;197.750000000;240;9581530289;S
20240209;100550;197.900000000;30;9581530529;B
20240209;100551;197.850000000;10;9581530539;S
20240209;100551;197.750000000;10;9581530540;S
20240209;100551;197.740000000;10;9581530541;S
20240209;100551;197.740000000;10;9581530542;S
20240209;100551;197.730000000;30;9581530543;S
20240209;100551;197.730000000;20;9581530544;S
20240209;100551;197.720000000;10;9581530545;S
20240209;100551;197.750000000;100;9581530631;B
20240209;100551;197.850000000;10;9581530836;B
20240209;100552;197.800000000;50;9581530916;S
20240209;100552;197.770000000;50;9581530917;S
20240209;100553;197.830000000;20;9581531370;B
20240209;100554;197.830000000;10;9581531491;B
20240209;100554;197.830000000;30;9581531583;B
20240209;100555;197.830000000;30;9581531665;B
20240209;100555;197.830000000;160;9581531742;B
20240209;100555;197.840000000;60;9581531743;B
20240209;100556;197.870000000;20;9581531880;B
20240209;100556;197.880000000;80;9581531881;B
20240209;100558;197.840000000;20;9581532192;S
20240209;100558;197.840000000;40;9581532193;S
20240209;100559;197.850000000;10;9581532320;S
20240209;100559;197.840000000;30;9581532321;S
20240209;100559;197.820000000;50;9581532322;S
20240209;100559;197.810000000;100;9581532323;S
20240209;100559;197.810000000;10;9581532324;S
20240209;100559;197.800000000;10;9581532325;S
20240209;100559;197.780000000;150;9581532326;S
20240209;100559;197.770000000;500;9581532327;S
20240209;100559;197.750000000;140;9581532328;B
20240209;100559;197.740000000;10;9581532412;S
20240209;100559;197.740000000;10;9581532413;S
20240209;100559;197.890000000;30;9581532526;B
20240209;100601;197.770000000;10;9581532934;S
20240209;100601;197.770000000;20;9581532942;S
20240209;100601;197.770000000;10;9581532943;S
20240209;100601;197.770000000;10;9581532944;S
20240209;100601;197.740000000;20;9581532950;S
20240209;100601;197.810000000;10;9581532969;B
20240209;100602;197.810000000;10;9581533098;B
20240209;100605;197.840000000;30;9581534041;B
20240209;100606;197.770000000;10;9581534518;S
20240209;100606;197.760000000;10;9581534519;S
20240209;100607;197.760000000;30;9581534723;S
20240209;100608;197.770000000;20;9581534948;S
20240209;100608;197.760000000;100;9581535052;S
20240209;100609;197.760000000;60;9581535206;S
20240209;100610;197.750000000;10;9581535548;S
20240209;100610;197.750000000;10;9581535705;S
20240209;100610;197.750000000;10;9581535706;S
20240209;100610;197.740000000;10;9581535707;S
20240209;100610;197.730000000;80;9581535708;S
20240209;100611;197.730000000;10;9581536110;S
20240209;100611;197.730000000;110;9581536125;S
20240209;100612;197.730000000;100;9581536161;S
20240209;100612;197.720000000;20;9581536162;S
20240209;100612;197.710000000;20;9581536163;S
20240209;100612;197.700000000;100;9581536164;S
20240209;100612;197.700000000;10;9581536165;S
20240209;100612;197.700000000;20;9581536166;S
20240209;100612;197.690000000;50;9581536167;S
20240209;100612;197.680000000;50;9581536168;S
20240209;100612;197.680000000;20;9581536169;S
20240209;100612;197.660000000;90;9581536170;S
20240209;100612;197.650000000;20;9581536171;S
20240209;100612;197.630000000;10;9581536172;S
20240209;100612;197.620000000;60;9581536173;S
20240209;100612;197.610000000;50;9581536174;S
20240209;100612;197.610000000;20;9581536175;S
20240209;100612;197.600000000;100;9581536176;S
20240209;100612;197.600000000;10;9581536177;S
20240209;100612;197.600000000;10;9581536178;S
20240209;100612;197.590000000;10;9581536179;S
20240209;100612;197.590000000;230;9581536180;S
20240209;100612;197.590000000;10;9581536204;S
20240209;100612;197.590000000;50;9581536211;S
20240209;100613;197.600000000;10;9581536638;S
20240209;100613;197.600000000;20;9581536741;S
20240209;100613;197.600000000;120;9581536766;S
20240209;100613;197.600000000;10;9581536767;S
20240209;100613;197.600000000;10;9581536913;B
20240209;100613;197.580000000;10;9581537067;S
20240209;100613;197.580000000;10;9581537089;S
20240209;100613;197.580000000;10;9581537118;S
20240209;100613;197.580000000;10;9581537133;S
20240209;100613;197.580000000;10;9581537135;S
20240209;100613;197.580000000;10;9581537139;S
20240209;100613;197.590000000;100;9581537412;B
20240209;100613;197.590000000;300;9581537413;B
20240209;100613;197.590000000;50;9581537593;B
20240209;100614;197.580000000;40;9581537976;S
20240209;100614;197.580000000;70;9581537977;S
20240209;100614;197.580000000;10;9581538091;S
20240209;100614;197.580000000;100;9581538107;S
20240209;100614;197.590000000;10;9581538184;B
20240209;100614;197.580000000;20;9581538197;S
20240209;100614;197.580000000;10;9581538198;S
20240209;100614;197.570000000;20;9581538199;S
20240209;100614;197.560000000;20;9581538200;S
20240209;100614;197.560000000;20;9581538201;S
20240209;100614;197.560000000;50;9581538202;S
20240209;100614;197.560000000;30;9581538203;S
20240209;100614;197.560000000;10;9581538204;S
20240209;100614;197.560000000;20;9581538231;S
20240209;100614;197.560000000;10;9581538279;S
20240209;100614;197.550000000;10;9581538281;S
20240209;100614;197.580000000;10;9581538310;B
20240209;100615;197.550000000;100;9581538531;S
20240209;100615;197.540000000;100;9581538532;S
20240209;100615;197.530000000;50;9581538673;S
20240209;100615;197.530000000;50;9581538677;S
20240209;100615;197.530000000;10;9581538706;S
20240209;100615;197.540000000;250;9581538754;B
20240209;100615;197.540000000;10;9581538760;B
20240209;100615;197.530000000;10;9581538931;S
20240209;100615;197.530000000;200;9581538932;S
20240209;100616;197.530000000;180;9581539060;S
20240209;100616;197.530000000;10;9581539061;S
20240209;100616;197.530000000;10;9581539062;S
20240209;100616;197.530000000;10;9581539063;S
20240209;100616;197.520000000;40;9581539064;S
20240209;100616;197.540000000;10;9581539076;B
20240209;100616;197.540000000;100;9581539097;B
20240209;100616;197.520000000;100;9581539151;S
20240209;100616;197.520000000;110;9581539298;S
20240209;100616;197.520000000;140;9581539299;S
20240209;100616;197.520000000;10;9581539300;S
20240209;100616;197.510000000;10;9581539346;S
20240209;100616;197.510000000;10;9581539351;S
20240209;100616;197.510000000;10;9581539352;S
20240209;100616;197.520000000;10;9581539440;S
20240209;100616;197.510000000;10;9581539441;S
20240209;100617;197.530000000;20;9581539550;B
20240209;100617;197.520000000;10;9581539617;S
20240209;100617;197.520000000;20;9581539761;S
20240209;100617;197.520000000;20;9581539771;S
20240209;100617;197.520000000;10;9581539772;S
20240209;100617;197.520000000;30;9581539773;S
20240209;100618;197.530000000;10;9581539886;B
20240209;100618;197.520000000;10;9581539893;S
20240209;100618;197.510000000;20;9581539949;S
20240209;100618;197.500000000;10;9581539988;S
20240209;100618;197.500000000;20;9581539989;S
20240209;100618;197.500000000;10;9581539990;S
20240209;100618;197.500000000;10;9581539991;S
20240209;100618;197.500000000;10;9581539992;S
20240209;100618;197.500000000;10;9581539993;S
20240209;100618;197.500000000;20;9581539994;S
20240209;100618;197.500000000;20;9581539995;S
20240209;100618;197.500000000;10;9581540064;S
20240209;100618;197.500000000;90;9581540065;S
20240209;100618;197.500000000;30;9581540097;S
20240209;100618;197.500000000;100;9581540125;S
20240209;100618;197.500000000;20;9581540127;S
20240209;100618;197.500000000;10;9581540129;S
20240209;100618;197.500000000;100;9581540130;S
20240209;100618;197.500000000;100;9581540131;S
20240209;100618;197.500000000;550;9581540132;S
20240209;100618;197.500000000;10;9581540133;S
20240209;100618;197.500000000;230;9581540134;S
20240209;100618;197.500000000;20;9581540173;S
20240209;100618;197.500000000;200;9581540179;S
20240209;100618;197.500000000;60;9581540202;S
20240209;100618;197.500000000;100;9581540203;S
20240209;100618;197.500000000;30;9581540205;S
20240209;100618;197.510000000;40;9581540206;B
20240209;100618;197.500000000;10;9581540227;S
20240209;100619;197.500000000;50;9581540528;S
20240209;100619;197.500000000;10;9581540529;S
20240209;100619;197.500000000;50;9581540530;S
20240209;100619;197.500000000;240;9581540533;S
20240209;100619;197.500000000;10;9581540534;S
20240209;100619;197.500000000;20;9581540535;S
20240209;100619;197.500000000;40;9581540536;S
20240209;100619;197.500000000;10;9581540537;S
20240209;100619;197.500000000;100;9581540538;S
20240209;100619;197.500000000;10;9581540539;S
20240209;100619;197.490000000;10;9581540540;S
20240209;100619;197.470000000;100;9581540541;S
20240209;100619;197.470000000;30;9581540542;S
20240209;100619;197.470000000;4000;9581540543;S
20240209;100619;197.450000000;10;9581540544;S
20240209;100619;197.450000000;100;9581540545;S
20240209;100619;197.440000000;10;9581540546;S
20240209;100619;197.440000000;10;9581540547;S
20240209;100619;197.440000000;50;9581540548;S
20240209;100619;197.430000000;100;9581540549;S
20240209;100619;197.430000000;50;9581540550;S
20240209;100619;197.430000000;20;9581540551;S
20240209;100619;197.420000000;10;9581540552;S
20240209;100619;197.420000000;10;9581540553;S
20240209;100619;197.410000000;50;9581540554;S
20240209;100619;197.410000000;10;9581540555;S
20240209;100619;197.400000000;10;9581540556;S
20240209;100619;197.400000000;70;9581540557;S
20240209;100619;197.400000000;100;9581540558;S
20240209;100619;197.390000000;50;9581540559;S
20240209;100619;197.360000000;5330;9581540560;S
20240209;100619;197.350000000;10;9581540561;S
20240209;100619;197.350000000;10;9581540562;S
20240209;100619;197.350000000;10;9581540563;S
20240209;100619;197.350000000;90;9581540564;S
20240209;100619;197.330000000;20;9581540565;S
20240209;100619;197.320000000;20;9581540566;S
20240209;100619;197.320000000;1010;9581540567;S
20240209;100619;197.310000000;100;9581540568;S
20240209;100619;197.300000000;10;9581540569;S
20240209;100619;197.300000000;10;9581540570;S
20240209;100619;197.280000000;1000;9581540571;S
20240209;100619;197.270000000;100;9581540572;S
20240209;100619;197.270000000;10;9581540573;S
20240209;100619;197.260000000;20;9581540574;S
20240209;100619;197.250000000;10;9581540575;S
20240209;100619;197.250000000;10;9581540576;S
20240209;100619;197.250000000;130;9581540577;S
20240209;100619;197.250000000;500;9581540578;S
20240209;100619;197.240000000;20;9581540579;S
20240209;100619;197.230000000;200;9581540580;S
20240209;100619;197.220000000;150;9581540581;S
20240209;100619;197.210000000;10;9581540582;S
20240209;100619;197.210000000;990;9581540583;S
20240209;100619;197.220000000;10;9581540584;S
20240209;100619;197.220000000;100;9581540586;S
20240209;100619;197.220000000;160;9581540587;S
20240209;100619;197.330000000;20;9581540606;S
20240209;100619;197.220000000;230;9581540607;S
20240209;100619;197.310000000;20;9581540615;B
20240209;100619;197.320000000;30;9581540616;B
20240209;100619;197.220000000;190;9581540618;S
20240209;100619;197.210000000;60;9581540619;S
20240209;100619;197.280000000;160;9581540625;B
20240209;100619;197.280000000;30;9581540626;B
20240209;100619;197.210000000;230;9581540628;S
20240209;100619;197.280000000;100;9581540631;B
20240209;100619;197.280000000;10;9581540632;B
20240209;100619;197.280000000;30;9581540650;B
20240209;100619;197.220000000;150;9581540667;S
20240209;100619;197.280000000;10;9581540846;B
20240209;100620;197.220000000;210;9581540901;S
20240209;100620;197.210000000;790;9581540902;S
20240209;100620;197.210000000;500;9581540906;S
20240209;100620;197.210000000;10;9581540956;S
20240209;100620;197.210000000;2770;9581540958;S
20240209;100620;197.200000000;10;9581540959;S
20240209;100620;197.200000000;450;9581540960;S
20240209;100620;197.200000000;10;9581540961;S
20240209;100620;197.200000000;30;9581540962;S
20240209;100620;197.200000000;100;9581540963;S
20240209;100620;197.200000000;10;9581540964;S
20240209;100620;197.190000000;80;9581540965;S
20240209;100620;197.160000000;40;9581540966;S
20240209;100620;197.150000000;10;9581540967;S
20240209;100620;197.150000000;50;9581540968;S
20240209;100620;197.150000000;30;9581540969;S
20240209;100620;197.130000000;680;9581540970;S
20240209;100620;197.120000000;20;9581540971;S
20240209;100620;197.120000000;100;9581540972;S
20240209;100620;197.120000000;1010;9581540973;S
20240209;100620;197.110000000;5140;9581540974;S
20240209;100620;197.100000000;10;9581540975;S
20240209;100620;197.100000000;10;9581540976;S
20240209;100620;197.100000000;50;9581540977;S
20240209;100620;197.100000000;30;9581540978;S
20240209;100620;197.100000000;200;9581540979;S
20240209;100620;197.100000000;10;9581540980;S
20240209;100620;197.080000000;10;9581540981;S
20240209;100620;197.070000000;20;9581540982;S
20240209;100620;197.050000000;10;9581540983;S
20240209;100620;197.050000000;1500;9581540984;S
20240209;100620;197.050000000;100;9581540985;S
20240209;100620;197.050000000;200;9581540986;S
20240209;100620;197.030000000;10;9581540987;S
20240209;100620;197.020000000;10;9581540988;S
20240209;100620;197.020000000;20;9581540989;S
20240209;100620;197.020000000;10;9581540990;S
20240209;100620;197.020000000;10;9581540991;S
20240209;100620;197.020000000;200;9581540992;S
20240209;100620;197.010000000;10;9581540993;S
20240209;100620;197.010000000;1000;9581540994;S
20240209;100620;197.010000000;10;9581540995;S
20240209;100620;197.010000000;20;9581540996;S
20240209;100620;197.000000000;10;9581540997;S
20240209;100620;197.000000000;10;9581540998;S
20240209;100620;197.000000000;40;9581540999;S
20240209;100620;197.000000000;30;9581541000;S
20240209;100620;197.000000000;10;9581541001;S
20240209;100620;197.000000000;150;9581541002;S
20240209;100620;197.000000000;300;9581541003;S
20240209;100620;197.000000000;100;9581541004;S
20240209;100620;197.000000000;10;9581541005;S
20240209;100620;197.000000000;10;9581541006;S
20240209;100620;197.000000000;10;9581541007;S
20240209;100620;197.000000000;790;9581541008;S
20240209;100620;197.000000000;1100;9581541009;S
20240209;100620;197.000000000;10;9581541010;S
20240209;100620;197.000000000;220;9581541011;S
20240209;100620;197.000000000;10;9581541012;S
20240209;100620;197.000000000;10;9581541013;S
20240209;100620;197.000000000;50;9581541014;S
20240209;100620;197.000000000;10;9581541015;S
20240209;100620;197.000000000;10;9581541016;S
20240209;100620;197.000000000;10;9581541017;S
20240209;100620;197.000000000;10000;9581541018;S
20240209;100620;197.000000000;10;9581541019;S
20240209;100620;197.000000000;10;9581541020;S
20240209;100620;197.000000000;20;9581541021;S
20240209;100620;197.000000000;10;9581541022;S
20240209;100620;197.000000000;50;9581541023;S
20240209;100620;197.000000000;430;9581541024;S
20240209;100620;197.000000000;100;9581541025;S
20240209;100620;197.000000000;30;9581541026;S
20240209;100620;197.000000000;10;9581541027;S
20240209;100620;197.000000000;30;9581541028;S
20240209;100620;197.000000000;10;9581541029;S
20240209;100620;197.000000000;1000;9581541030;S
20240209;100620;197.000000000;1000;9581541031;S
20240209;100620;197.000000000;10;9581541032;S
20240209;100620;197.000000000;100;9581541033;S
20240209;100620;197.000000000;6040;9581541034;S
20240209;100620;197.000000000;200;9581541035;S
20240209;100620;197.000000000;50;9581541036;S
20240209;100620;197.000000000;10;9581541037;S
20240209;100620;197.000000000;10;9581541038;S
20240209;100620;197.000000000;40;9581541039;S
20240209;100620;197.000000000;100;9581541040;S
20240209;100620;197.000000000;30;9581541041;S
20240209;100620;197.000000000;50;9581541042;S
20240209;100620;197.000000000;30;9581541043;S
20240209;100620;197.000000000;10;9581541044;S
20240209;100620;197.000000000;10;9581541045;S
20240209;100620;197.000000000;50;9581541046;S
20240209;100620;197.000000000;10;9581541047;S
20240209;100620;197.000000000;10;9581541048;S
20240209;100620;197.000000000;20;9581541049;S
20240209;100620;197.000000000;40;9581541050;S
20240209;100620;197.000000000;10;9581541051;S
20240209;100620;197.000000000;10;9581541052;S
20240209;100620;197.000000000;50;9581541053;S
20240209;100620;197.000000000;50;9581541054;S
20240209;100620;196.980000000;20;9581541055;S
20240209;100620;196.970000000;10;9581541056;S
20240209;100620;196.970000000;1000;9581541057;S
20240209;100620;196.950000000;10;9581541058;S
20240209;100620;196.950000000;500;9581541059;S
20240209;100620;196.940000000;10;9581541060;S
20240209;100620;196.940000000;1200;9581541061;S
20240209;100620;196.930000000;10;9581541062;S
20240209;100620;196.920000000;200;9581541063;S
20240209;100620;196.910000000;10;9581541064;S
20240209;100620;196.900000000;10;9581541065;S
20240209;100620;196.890000000;10;9581541066;S
20240209;100620;196.890000000;250;9581541067;S
20240209;100620;196.850000000;10;9581541068;S
20240209;100620;196.850000000;20;9581541069;S
20240209;100620;196.820000000;100;9581541070;S
20240209;100620;196.820000000;20;9581541071;S
20240209;100620;196.820000000;500;9581541072;S
20240209;100620;196.820000000;10;9581541073;S
20240209;100620;196.810000000;10;9581541074;S
20240209;100620;196.810000000;10;9581541075;S
20240209;100620;196.810000000;10;9581541076;S
20240209;100620;196.800000000;10;9581541077;S
20240209;100620;196.800000000;200;9581541078;S
20240209;100620;196.790000000;10;9581541079;S
20240209;100620;196.770000000;10;9581541080;S
20240209;100620;196.770000000;10;9581541081;S
20240209;100620;196.770000000;1520;9581541082;S
20240209;100620;196.760000000;20;9581541083;S
20240209;100620;196.760000000;10;9581541084;S
20240209;100620;196.760000000;5000;9581541085;S
20240209;100620;196.750000000;10;9581541086;S
20240209;100620;196.750000000;10;9581541087;S
20240209;100620;196.750000000;10;9581541088;S
20240209;100620;196.740000000;120;9581541089;S
20240209;100620;196.710000000;10;9581541090;S
20240209;100620;196.700000000;10;9581541091;S
20240209;100620;196.700000000;10;9581541092;S
20240209;100620;196.700000000;30;9581541093;S
20240209;100620;196.700000000;3000;9581541094;S
20240209;100620;196.700000000;4530;9581541095;S
20240209;100620;196.700000000;470;9581541096;S
20240209;100620;196.690000000;10;9581541097;S
20240209;100620;196.670000000;60;9581541098;S
20240209;100620;196.660000000;10;9581541099;S
20240209;100620;196.650000000;10;9581541100;S
20240209;100620;196.650000000;10;9581541101;S
20240209;100620;196.650000000;500;9581541102;S
20240209;100620;196.620000000;10;9581541103;S
20240209;100620;196.620000000;500;9581541104;S
20240209;100620;196.610000000;20;9581541105;S
20240209;100620;196.610000000;10;9581541106;S
20240209;100620;196.610000000;1000;9581541107;S
20240209;100620;196.610000000;300;9581541108;S
20240209;100620;196.600000000;10;9581541109;S
20240209;100620;196.600000000;10;9581541110;S
20240209;100620;196.600000000;1010;9581541111;S
20240209;100620;196.590000000;450;9581541112;S
20240209;100620;196.570000000;20;9581541113;S
20240209;100620;196.560000000;50;9581541114;S
20240209;100620;196.560000000;40;9581541115;S
20240209;100620;196.560000000;600;9581541116;S
20240209;100620;196.560000000;200;9581541117;S
20240209;100620;196.550000000;10;9581541118;S
20240209;100620;196.550000000;190;9581541119;S
20240209;100620;197.220000000;10;9581541120;B
20240209;100620;196.710000000;300;9581541121;S
20240209;100620;196.710000000;10;9581541122;S
20240209;100620;196.760000000;200;9581541123;B
20240209;100620;196.990000000;20;9581541124;B
20240209;100620;196.990000000;10;9581541125;B
20240209;100620;196.990000000;70;9581541131;S
20240209;100620;196.790000000;110;9581541132;B
20240209;100620;197.040000000;10;9581541148;B
20240209;100620;197.060000000;10;9581541149;B
20240209;100620;197.160000000;300;9581541150;B
20240209;100620;197.160000000;200;9581541151;B
20240209;100620;197.110000000;100;9581541152;S
20240209;100620;197.040000000;300;9581541153;S
20240209;100620;197.000000000;100;9581541154;B
20240209;100620;197.160000000;100;9581541155;B
20240209;100620;197.160000000;200;9581541156;B
20240209;100620;197.160000000;200;9581541157;B
20240209;100620;197.160000000;300;9581541158;B
20240209;100620;197.160000000;100;9581541159;B
20240209;100620;197.160000000;300;9581541160;B
20240209;100620;197.160000000;300;9581541161;B
20240209;100620;197.150000000;300;9581541162;B
20240209;100620;197.040000000;400;9581541166;B
20240209;100620;197.040000000;100;9581541167;B
20240209;100620;197.050000000;300;9581541168;B
20240209;100620;197.050000000;400;9581541169;B
20240209;100620;197.050000000;400;9581541170;B
20240209;100620;197.040000000;10;9581541171;S
20240209;100620;197.040000000;390;9581541172;S
20240209;100620;197.040000000;100;9581541173;B
20240209;100620;197.040000000;100;9581541174;B
20240209;100620;197.030000000;100;9581541175;B
20240209;100620;197.030000000;100;9581541176;B
20240209;100620;197.030000000;100;9581541177;B
20240209;100620;197.030000000;100;9581541178;B
20240209;100620;197.030000000;100;9581541179;B
20240209;100620;197.160000000;100;9581541180;B
20240209;100620;197.160000000;100;9581541181;B
20240209;100620;197.060000000;30;9581541224;S
20240209;100620;197.060000000;100;9581541225;S
20240209;100620;197.060000000;10;9581541226;S
20240209;100620;197.150000000;80;9581541250;B
20240209;100620;197.150000000;300;9581541251;B
20240209;100620;197.190000000;120;9581541252;B
20240209;100620;197.120000000;200;9581541255;S
20240209;100620;197.190000000;10;9581541269;B
20240209;100620;197.190000000;10;9581541271;B
20240209;100620;197.120000000;40;9581541272;S
20240209;100620;197.070000000;80;9581541273;S
20240209;100620;197.030000000;190;9581541274;S
20240209;100620;197.030000000;200;9581541275;S
20240209;100620;197.020000000;420;9581541276;S
20240209;100620;197.000000000;1570;9581541277;S
20240209;100620;197.000000000;40;9581541278;S
20240209;100620;197.000000000;400;9581541284;S
20240209;100620;197.000000000;20;9581541285;S
20240209;100620;197.170000000;10;9581541286;B
20240209;100620;197.170000000;10;9581541287;B
20240209;100620;197.170000000;30;9581541288;B
20240209;100620;197.170000000;20;9581541291;B
20240209;100620;197.060000000;40;9581541293;B
20240209;100620;197.000000000;40;9581541302;S
20240209;100620;197.060000000;250;9581541303;B
20240209;100620;197.060000000;50;9581541317;B
20240209;100620;197.000000000;30;9581541324;S
20240209;100620;197.060000000;10;9581541327;B
20240209;100620;197.000000000;30;9581541328;S
20240209;100620;197.060000000;10;9581541331;B
20240209;100620;197.060000000;100;9581541332;B
20240209;100620;197.030000000;10;9581541333;S
20240209;100620;197.000000000;10;9581541334;S
20240209;100620;197.060000000;10;9581541335;B
20240209;100620;197.000000000;2000;9581541336;S
20240209;100620;197.000000000;100;9581541337;S
20240209;100620;197.060000000;30;9581541340;B
20240209;100620;197.000000000;1000;9581541342;S
20240209;100620;197.000000000;100;9581541343;S
20240209;100620;197.000000000;2000;9581541344;S
20240209;100620;197.000000000;270;9581541349;S
20240209;100620;197.000000000;20;9581541350;S
20240209;100620;197.000000000;10;9581541351;S
20240209;100620;197.000000000;10;9581541356;B
20240209;100620;197.000000000;20;9581541361;B
20240209;100620;197.000000000;20;9581541362;B
20240209;100620;197.000000000;200;9581541363;B
20240209;100620;197.020000000;30;9581541364;B
20240209;100620;196.940000000;80;9581541367;S
20240209;100620;196.910000000;140;9581541368;S
20240209;100620;196.910000000;10;9581541369;S
20240209;100620;197.050000000;10;9581541384;B
20240209;100620;197.060000000;30;9581541387;B
20240209;100620;197.020000000;50;9581541388;S
20240209;100620;197.000000000;50;9581541389;S
20240209;100620;196.970000000;50;9581541390;S
20240209;100620;196.910000000;50;9581541391;S
20240209;100620;197.000000000;50;9581541418;B
20240209;100620;197.000000000;10;9581541467;B
20240209;100620;197.000000000;40;9581541468;B
20240209;100620;197.050000000;10;9581541470;B
20240209;100620;197.000000000;10;9581541471;S
20240209;100620;197.000000000;10;9581541473;B
20240209;100620;196.920000000;10;9581541474;S
20240209;100620;196.910000000;40;9581541475;S
20240209;100620;197.000000000;40;9581541478;B
20240209;100620;197.050000000;210;9581541479;B
20240209;100620;196.910000000;20;9581541488;S
20240209;100620;196.940000000;110;9581541513;B
20240209;100620;196.920000000;20;9581541541;S
20240209;100620;196.910000000;60;9581541542;S
20240209;100620;196.940000000;10;9581541545;B
20240209;100620;196.910000000;10;9581541552;S
20240209;100621;196.940000000;20;9581541585;B
20240209;100621;196.940000000;10;9581541587;B
20240209;100621;196.910000000;90;9581541615;S
20240209;100621;196.900000000;90;9581541616;S
20240209;100621;196.940000000;50;9581541631;B
20240209;100621;196.940000000;40;9581541632;B
20240209;100621;196.980000000;80;9581541633;B
20240209;100621;197.030000000;240;9581541634;B
20240209;100621;197.050000000;150;9581541635;B
20240209;100621;197.050000000;150;9581541636;B
20240209;100621;197.050000000;150;9581541637;B
20240209;100621;197.000000000;30;9581541640;S
20240209;100621;197.000000000;20;9581541641;S
20240209;100621;197.000000000;10;9581541644;S
20240209;100621;196.920000000;290;9581541645;B
20240209;100621;196.910000000;10;9581541682;S
20240209;100621;196.910000000;150;9581541683;S
20240209;100621;196.900000000;40;9581541684;S
20240209;100621;197.040000000;10;9581541685;B
20240209;100621;197.050000000;90;9581541686;B
20240209;100621;196.900000000;20;9581541689;S
20240209;100621;196.900000000;20;9581541700;S
20240209;100621;197.000000000;50;9581541727;S
20240209;100621;196.900000000;50;9581541728;S
20240209;100621;197.050000000;100;9581541737;B
20240209;100621;197.050000000;10;9581541746;B
20240209;100621;197.000000000;20;9581541759;S
20240209;100621;197.000000000;200;9581541760;S
20240209;100621;196.990000000;40;9581541767;B
20240209;100621;196.990000000;10;9581541772;B
20240209;100621;196.990000000;100;9581541773;B
20240209;100621;196.910000000;50;9581541814;S
20240209;100621;196.900000000;30;9581541834;S
20240209;100621;196.990000000;10;9581541836;B
20240209;100621;196.900000000;750;9581541838;S
20240209;100621;196.890000000;20;9581541839;S
20240209;100621;196.850000000;40;9581541840;S
20240209;100621;196.850000000;10;9581541841;S
20240209;100621;196.850000000;50;9581541842;S
20240209;100621;196.840000000;130;9581541843;S
20240209;100621;196.820000000;10;9581541845;S
20240209;100621;196.820000000;340;9581541848;S
20240209;100621;196.810000000;80;9581541849;S
20240209;100621;196.800000000;80;9581541850;S
20240209;100621;196.800000000;40;9581541866;S
20240209;100621;196.800000000;30;9581541867;S
20240209;100621;196.790000000;30;9581541868;S
20240209;100621;196.860000000;100;9581541871;B
20240209;100621;196.800000000;20;9581541881;S
20240209;100621;196.860000000;20;9581541925;B
20240209;100621;196.860000000;30;9581541940;B
20240209;100621;196.860000000;50;9581541941;B
20240209;100621;196.870000000;40;9581541942;B
20240209;100621;196.940000000;160;9581541943;B
20240209;100621;196.800000000;30;9581541969;S
20240209;100621;196.790000000;70;9581541970;S
20240209;100621;196.780000000;10;9581541971;S
20240209;100621;196.780000000;190;9581541972;S
20240209;100621;196.770000000;300;9581541973;S
20240209;100621;196.770000000;340;9581541974;S
20240209;100621;196.770000000;1010;9581541975;S
20240209;100621;196.760000000;100;9581541976;S
20240209;100621;196.760000000;100;9581541977;S
20240209;100621;196.760000000;100;9581541978;S
20240209;100621;196.760000000;100;9581541979;S
20240209;100621;196.760000000;100;9581541980;S
20240209;100621;196.760000000;60;9581541981;S
20240209;100621;196.990000000;50;9581541982;B
20240209;100621;196.780000000;10;9581541985;S
20240209;100621;196.790000000;100;9581542032;B
20240209;100621;196.960000000;100;9581542033;B
20240209;100622;196.900000000;10;9581542050;B
20240209;100622;196.770000000;90;9581542052;S
20240209;100622;196.900000000;10;9581542054;B
20240209;100622;196.910000000;90;9581542057;B
20240209;100622;196.930000000;300;9581542058;B
20240209;100622;196.940000000;80;9581542059;B
20240209;100622;196.950000000;30;9581542060;B
20240209;100622;196.840000000;30;9581542061;S
20240209;100622;196.770000000;160;9581542062;S
20240209;100622;196.940000000;200;9581542105;B
20240209;100622;196.940000000;10;9581542108;B
20240209;100622;196.940000000;30;9581542111;B
20240209;100622;196.770000000;500;9581542112;S
20240209;100622;196.800000000;50;9581542129;S
20240209;100622;196.770000000;260;9581542130;S
20240209;100622;196.760000000;40;9581542131;S
20240209;100622;196.760000000;100;9581542132;S
20240209;100622;196.760000000;100;9581542133;S
20240209;100622;196.710000000;10;9581542134;S
20240209;100622;196.710000000;160;9581542135;S
20240209;100622;196.900000000;10;9581542138;B
20240209;100622;196.900000000;60;9581542143;B
20240209;100622;196.900000000;1000;9581542144;B
20240209;100622;196.900000000;10;9581542170;B
20240209;100622;196.900000000;210;9581542176;B
20240209;100622;196.870000000;10;9581542223;S
20240209;100622;196.780000000;90;9581542224;S
20240209;100622;196.940000000;70;9581542232;B
20240209;100622;196.780000000;10;9581542240;S
20240209;100622;196.730000000;40;9581542241;S
20240209;100622;196.880000000;80;9581542260;S
20240209;100622;196.960000000;50;9581542303;B
20240209;100622;196.890000000;20;9581542307;S
20240209;100622;196.980000000;20;9581542312;B
20240209;100622;196.890000000;180;9581542358;S
20240209;100622;196.890000000;50;9581542359;S
20240209;100622;196.880000000;120;9581542360;S
20240209;100622;196.740000000;250;9581542361;S
20240209;100623;196.900000000;20;9581542407;S
20240209;100623;196.900000000;80;9581542440;S
20240209;100623;196.900000000;40;9581542441;S
20240209;100623;196.740000000;30;9581542442;S
20240209;100623;196.910000000;20;9581542455;S
20240209;100623;196.760000000;30;9581542456;B
20240209;100623;196.940000000;10;9581542470;B
20240209;100623;196.750000000;70;9581542471;S
20240209;100623;196.940000000;10;9581542540;B
20240209;100623;196.930000000;80;9581542681;B
20240209;100623;196.930000000;20;9581542685;B
20240209;100623;196.930000000;50;9581542687;B
20240209;100624;196.840000000;100;9581542710;S
20240209;100624;196.840000000;20;9581542711;S
20240209;100624;196.920000000;50;9581542984;B
20240209;100624;196.920000000;20;9581542985;B
20240209;100625;196.920000000;30;9581543184;B
20240209;100625;196.930000000;220;9581543185;B
20240209;100625;196.930000000;80;9581543380;B
20240209;100625;196.890000000;50;9581543542;S
20240209;100626;196.930000000;100;9581543825;B
20240209;100626;196.920000000;20;9581543975;B
20240209;100626;196.920000000;20;9581543976;B
20240209;100627;196.920000000;20;9581544365;B
20240209;100627;196.910000000;20;9581544386;S
20240209;100627;196.910000000;100;9581544387;S
20240209;100627;196.890000000;50;9581544388;S
20240209;100627;196.890000000;20;9581544389;S
20240209;100627;196.880000000;10;9581544390;S
20240209;100628;196.920000000;140;9581544777;B
20240209;100628;196.930000000;20;9581544916;B
20240209;100628;196.930000000;10;9581544973;B
20240209;100628;196.930000000;20;9581544974;B
20240209;100628;196.920000000;100;9581545036;S
20240209;100629;196.950000000;10;9581545644;S
20240209;100630;196.960000000;20;9581546362;B
20240209;100631;196.990000000;20;9581546660;B
20240209;100631;196.990000000;10;9581546706;B
20240209;100631;196.990000000;10;9581546707;B
20240209;100631;197.000000000;100;9581546709;B
20240209;100631;196.930000000;10;9581546732;S
20240209;100631;196.920000000;10;9581546733;S
20240209;100631;196.920000000;20;9581546734;S
20240209;100631;196.920000000;30;9581546735;S
20240209;100631;196.920000000;10;9581546736;S
20240209;100632;196.990000000;10;9581546919;B
20240209;100632;196.940000000;10;9581547016;S
20240209;100633;196.930000000;10;9581547234;B
20240209;100633;196.930000000;80;9581547362;B
20240209;100635;196.960000000;30;9581548030;B
20240209;100635;196.980000000;500;9581548031;B
20240209;100635;197.000000000;470;9581548032;B
20240209;100635;197.000000000;20;9581548159;B
20240209;100635;197.000000000;10;9581548162;B
20240209;100636;197.000000000;10;9581548257;B
20240209;100636;197.000000000;110;9581548317;B
20240209;100637;196.990000000;20;9581548693;B
20240209;100638;196.990000000;10;9581548909;B
20240209;100638;196.990000000;10;9581548910;B
20240209;100639;196.990000000;10;9581549154;B
20240209;100640;196.990000000;10;9581549346;B
20240209;100640;196.990000000;10;9581549347;B
20240209;100643;196.990000000;10;9581549978;B
20240209;100643;196.990000000;30;9581550038;B
20240209;100644;196.990000000;60;9581550515;B
20240209;100644;196.990000000;10;9581550516;B
20240209;100644;196.990000000;10;9581550517;B
20240209;100644;197.000000000;20;9581550518;B
20240209;100645;196.980000000;30;9581550761;S
20240209;100645;197.000000000;540;9581550799;B
20240209;100645;197.000000000;10;9581550800;B
20240209;100645;197.000000000;10;9581550801;B
20240209;100645;197.000000000;750;9581550802;B
20240209;100645;197.000000000;2750;9581550803;B
20240209;100645;197.000000000;150;9581550804;B
20240209;100645;197.000000000;50;9581550805;B
20240209;100645;197.000000000;10;9581550806;B
20240209;100645;197.000000000;200;9581550807;B
20240209;100645;197.000000000;400;9581550808;B
20240209;100645;197.000000000;250;9581550809;B
20240209;100645;197.000000000;10;9581550810;B
20240209;100645;197.000000000;200;9581550811;B
20240209;100645;197.000000000;50;9581550812;B
20240209;100645;197.000000000;30;9581550813;B
20240209;100645;197.000000000;100;9581550814;B
20240209;100645;197.050000000;90;9581550830;B
20240209;100645;197.060000000;170;9581550831;B
20240209;100645;197.100000000;80;9581550832;B
20240209;100645;197.100000000;500;9581550833;B
20240209;100645;197.140000000;500;9581550834;B
20240209;100645;197.180000000;300;9581550835;B
20240209;100645;197.180000000;60;9581550836;B
20240209;100645;197.180000000;20;9581550906;B
20240209;100646;197.090000000;20;9581551184;S
20240209;100647;197.090000000;10;9581551186;S
20240209;100647;197.090000000;20;9581551187;S
20240209;100647;197.090000000;10;9581551188;S
20240209;100647;197.090000000;40;9581551189;S
20240209;100648;197.160000000;10;9581551419;B
20240209;100648;197.170000000;10;9581551420;B
20240209;100648;197.180000000;20;9581551532;B
20240209;100648;197.190000000;20;9581551533;B
20240209;100648;197.190000000;90;9581551534;B
20240209;100648;197.200000000;70;9581551535;B
20240209;100648;197.130000000;1230;9581551594;S
20240209;100651;197.190000000;10;9581551931;B
20240209;100651;197.200000000;870;9581551932;B
20240209;100651;197.270000000;10;9581552114;B
20240209;100651;197.270000000;10;9581552115;B
20240209;100651;197.270000000;10;9581552179;B
20240209;100651;197.290000000;10;9581552180;B
20240209;100651;197.210000000;100;9581552206;S
20240209;100652;197.290000000;10;9581552406;B
20240209;100652;197.310000000;20;9581552407;B
20240209;100652;197.320000000;60;9581552408;B
20240209;100652;197.320000000;100;9581552409;B
20240209;100652;197.320000000;20;9581552410;B
20240209;100652;197.320000000;20;9581552411;B
20240209;100652;197.340000000;20;9581552412;B
20240209;100652;197.360000000;100;9581552413;B
20240209;100652;197.380000000;760;9581552414;B
20240209;100652;197.390000000;850;9581552415;B
20240209;100652;197.390000000;40;9581552416;B
20240209;100653;197.390000000;20;9581552539;B
20240209;100653;197.410000000;180;9581552540;B
20240209;100653;197.340000000;20;9581552690;B
20240209;100654;197.330000000;100;9581552758;S
20240209;100654;197.330000000;100;9581552759;S
20240209;100654;197.410000000;50;9581552777;B
20240209;100655;197.410000000;50;9581553075;B
20240209;100656;197.360000000;20;9581553279;S
20240209;100656;197.360000000;80;9581553280;S
20240209;100656;197.410000000;10;9581553299;B
20240209;100656;197.400000000;10;9581553358;B
20240209;100656;197.410000000;10;9581553359;B
20240209;100658;197.410000000;20;9581553797;B
20240209;100700;197.410000000;70;9581554348;B
20240209;100700;197.380000000;10;9581554351;S
20240209;100700;197.380000000;10;9581554432;B
20240209;100700;197.410000000;10;9581554433;B
20240209;100700;197.410000000;10;9581554434;B
20240209;100700;197.450000000;30;9581554435;B
20240209;100700;197.450000000;50;9581554491;B
20240209;100700;197.450000000;20;9581554607;B
20240209;100702;197.370000000;10;9581555220;S
20240209;100702;197.370000000;10;9581555221;S
20240209;100702;197.370000000;30;9581555238;S
20240209;100702;197.370000000;10;9581555239;S
20240209;100702;197.370000000;20;9581555295;S
20240209;100703;197.450000000;30;9581555541;B
20240209;100703;197.450000000;20;9581555542;B
20240209;100703;197.480000000;130;9581555543;B
20240209;100704;197.480000000;30;9581555815;B
20240209;100705;197.470000000;10;9581555983;B
20240209;100707;197.470000000;10;9581556355;B
20240209;100707;197.480000000;10;9581556356;B
20240209;100707;197.400000000;20;9581556524;S
20240209;100707;197.400000000;500;9581556525;S
20240209;100707;197.330000000;20;9581556557;S
20240209;100707;197.320000000;80;9581556558;S
20240209;100709;197.370000000;10;9581556850;B
20240209;100709;197.380000000;10;9581556851;B
20240209;100711;197.270000000;10;9581557145;S
20240209;100712;197.330000000;50;9581557405;B
20240209;100712;197.350000000;10;9581557518;B
20240209;100712;197.370000000;40;9581557519;B
20240209;100713;197.380000000;30;9581557765;B
20240209;100714;197.380000000;170;9581557861;B
20240209;100716;197.380000000;60;9581558283;B
20240209;100717;197.380000000;240;9581558453;B
20240209;100717;197.380000000;10;9581558454;B
20240209;100717;197.390000000;100;9581558455;B
20240209;100717;197.390000000;50;9581558456;B
20240209;100717;197.400000000;1600;9581558457;B
20240209;100718;197.340000000;20;9581558532;S
20240209;100718;197.340000000;10;9581558533;S
20240209;100718;197.340000000;20;9581558537;S
20240209;100718;197.340000000;10;9581558538;S
20240209;100718;197.340000000;20;9581558555;S
20240209;100718;197.400000000;420;9581558562;B
20240209;100719;197.400000000;10;9581558889;B
20240209;100720;197.400000000;10;9581559057;B
20240209;100724;197.400000000;10;9581559672;B
20240209;100727;197.340000000;10;9581560117;S
20240209;100727;197.340000000;70;9581560118;S
20240209;100728;197.400000000;100;9581560201;B
20240209;100731;197.340000000;430;9581560962;S
20240209;100731;197.340000000;10;9581560963;S
20240209;100731;197.340000000;60;9581560964;S
20240209;100732;197.340000000;20;9581561013;S
20240209;100732;197.340000000;10;9581561016;S
20240209;100732;197.340000000;10;9581561017;S
20240209;100732;197.340000000;10;9581561018;S
20240209;100732;197.340000000;10;9581561019;S
20240209;100732;197.340000000;30;9581561020;S
20240209;100732;197.330000000;40;9581561101;S
20240209;100736;197.390000000;20;9581561788;B
20240209;100736;197.400000000;80;9581561789;B
20240209;100737;197.340000000;50;9581561989;S
20240209;100737;197.400000000;10;9581561990;B
20240209;100738;197.400000000;20;9581562475;B
20240209;100738;197.400000000;220;9581562614;B
20240209;100738;197.400000000;30;9581562615;B
20240209;100739;197.390000000;10;9581562700;B
20240209;100739;197.430000000;50;9581562826;B
20240209;100739;197.450000000;50;9581562827;B
20240209;100739;197.460000000;30;9581562828;B
20240209;100739;197.480000000;20;9581562829;B
20240209;100743;197.390000000;120;9581564175;S
20240209;100747;197.470000000;10;9581564900;B
20240209;100749;197.470000000;110;9581565218;B
20240209;100749;197.480000000;60;9581565219;B
20240209;100749;197.480000000;80;9581565220;S
20240209;100749;197.480000000;120;9581565221;B
20240209;100749;197.500000000;50;9581565222;B
20240209;100749;197.510000000;140;9581565223;B
20240209;100749;197.520000000;50;9581565224;B
20240209;100749;197.530000000;440;9581565225;B
20240209;100749;197.390000000;180;9581565239;S
20240209;100749;197.390000000;500;9581565240;S
20240209;100749;197.390000000;120;9581565241;B
20240209;100749;197.380000000;10;9581565355;S
20240209;100749;197.380000000;10;9581565356;S
20240209;100749;197.390000000;20;9581565358;S
20240209;100749;197.390000000;20;9581565359;S
20240209;100749;197.390000000;20;9581565360;S
20240209;100750;197.530000000;100;9581565612;B
20240209;100750;197.530000000;30;9581565643;B
20240209;100752;197.410000000;180;9581565812;S
20240209;100752;197.410000000;320;9581565813;S
20240209;100756;197.480000000;10;9581566404;B
20240209;100756;197.480000000;60;9581566435;B
20240209;100756;197.490000000;120;9581566436;B
20240209;100757;197.530000000;100;9581566516;B
20240209;100757;197.530000000;10;9581566548;B
20240209;100757;197.530000000;180;9581566612;S
20240209;100757;197.430000000;100;9581566620;S
20240209;100802;197.430000000;20;9581567326;S
20240209;100802;197.430000000;20;9581567327;S
20240209;100802;197.430000000;10;9581567328;S
20240209;100802;197.430000000;20;9581567330;S
20240209;100802;197.530000000;20;9581567343;B
20240209;100804;197.530000000;80;9581567599;B
20240209;100804;197.530000000;20;9581567600;S
20240209;100804;197.530000000;10;9581567605;B
20240209;100807;197.530000000;30;9581567959;B
20240209;100808;197.540000000;10;9581568243;B
20240209;100808;197.480000000;500;9581568264;S
20240209;100811;197.540000000;10;9581568834;B
20240209;100811;197.500000000;200;9581568933;B
20240209;100818;197.490000000;10;9581569886;S
20240209;100818;197.490000000;10;9581569892;S
20240209;100818;197.490000000;10;9581569893;S
20240209;100818;197.490000000;10;9581569894;S
20240209;100818;197.490000000;10;9581569895;S
20240209;100818;197.490000000;10;9581569896;S
20240209;100818;197.490000000;20;9581569897;S
20240209;100821;197.480000000;100;9581570258;S
20240209;100823;197.540000000;410;9581570651;B
20240209;100823;197.550000000;600;9581570652;B
20240209;100823;197.550000000;30;9581570653;B
20240209;100823;197.580000000;50;9581570654;B
20240209;100823;197.540000000;500;9581570655;S
20240209;100823;197.590000000;50;9581570656;B
20240209;100823;197.600000000;250;9581570657;B
20240209;100823;197.600000000;4750;9581570658;B
20240209;100823;197.640000000;10;9581570659;B
20240209;100823;197.640000000;1010;9581570660;B
20240209;100824;197.590000000;750;9581570802;S
20240209;100824;197.670000000;10;9581570884;B
20240209;100824;197.710000000;90;9581570885;B
20240209;100824;197.710000000;10;9581570896;B
20240209;100827;197.630000000;30;9581571202;S
20240209;100827;197.650000000;10;9581571247;S
20240209;100827;197.650000000;190;9581571248;B
20240209;100827;197.650000000;200;9581571249;B
20240209;100827;197.650000000;110;9581571250;B
20240209;100828;197.570000000;90;9581571257;S
20240209;100828;197.550000000;40;9581571259;B
20240209;100828;197.550000000;160;9581571260;B
20240209;100830;197.630000000;10;9581571641;B
20240209;100831;197.630000000;10;9581571863;B
20240209;100831;197.680000000;90;9581571864;B
20240209;100831;197.570000000;180;9581571922;S
20240209;100831;197.570000000;120;9581571923;S
20240209;100833;197.570000000;10;9581572238;S
20240209;100834;197.570000000;20;9581572254;S
20240209;100834;197.570000000;10;9581572261;S
20240209;100834;197.570000000;30;9581572262;S
20240209;100834;197.570000000;10;9581572263;S
20240209;100836;197.570000000;70;9581572532;S
20240209;100837;197.570000000;200;9581572641;S
20240209;100837;197.570000000;100;9581572660;S
20240209;100837;197.570000000;80;9581572661;S
20240209;100837;197.570000000;90;9581572662;B
20240209;100837;197.570000000;230;9581572663;B
20240209;100837;197.570000000;100;9581572665;B
20240209;100837;197.560000000;30;9581572685;S
20240209;100837;197.560000000;210;9581572686;S
20240209;100838;197.700000000;10;9581572799;B
20240209;100839;197.590000000;100;9581573029;S
20240209;100839;197.590000000;150;9581573030;S
20240209;100839;197.590000000;200;9581573034;S
20240209;100839;197.590000000;150;9581573036;S
20240209;100839;197.590000000;650;9581573037;B
20240209;100840;197.690000000;320;9581573118;S
20240209;100840;197.690000000;140;9581573119;S
20240209;100840;197.690000000;100;9581573120;S
20240209;100842;197.710000000;10;9581573516;B
20240209;100842;197.690000000;10;9581573594;S
20240209;100843;197.710000000;10;9581573803;B
20240209;100845;197.710000000;10;9581574087;B
20240209;100848;197.690000000;430;9581574344;S
20240209;100848;197.600000000;20;9581574345;S
20240209;100848;197.570000000;20;9581574346;S
20240209;100848;197.570000000;10;9581574347;S
20240209;100848;197.560000000;180;9581574348;S
20240209;100848;197.540000000;90;9581574349;S
20240209;100848;197.520000000;10;9581574350;S
20240209;100848;197.520000000;240;9581574351;S
20240209;100848;197.520000000;20;9581574397;S
20240209;100848;197.520000000;20;9581574398;S
20240209;100848;197.520000000;30;9581574401;S
20240209;100848;197.520000000;10;9581574402;S
20240209;100850;197.700000000;100;9581574731;B
20240209;100850;197.710000000;80;9581574732;B
20240209;100857;197.690000000;70;9581575864;B
20240209;100857;197.690000000;80;9581575865;B
20240209;100859;197.630000000;100;9581576082;S
20240209;100901;197.690000000;100;9581576300;B
20240209;100902;197.630000000;10;9581576389;S
20240209;100902;197.630000000;40;9581576390;S
20240209;100902;197.630000000;20;9581576392;S
20240209;100902;197.630000000;10;9581576393;S
20240209;100903;197.690000000;10;9581576683;B
20240209;100907;197.690000000;110;9581577101;B
20240209;100907;197.690000000;10;9581577102;B
20240209;100907;197.700000000;30;9581577103;B
20240209;100907;197.700000000;300;9581577104;B
20240209;100907;197.710000000;50;9581577105;B
20240209;100909;197.710000000;10;9581577350;B
20240209;100910;197.710000000;40;9581577554;B
20240209;100910;197.720000000;10;9581577555;B
20240209;100910;197.730000000;30;9581577556;B
20240209;100913;197.690000000;10;9581577814;S
20240209;100913;197.630000000;20;9581577868;S
20240209;100913;197.630000000;40;9581577869;S
20240209;100913;197.630000000;40;9581577870;S
20240209;100914;197.660000000;40;9581578006;B
20240209;100914;197.700000000;110;9581578007;S
20240209;100916;197.690000000;10;9581578197;S
20240209;100916;197.700000000;10;9581578243;S
20240209;100916;197.710000000;20;9581578301;B
20240209;100916;197.710000000;20;9581578310;B
20240209;100917;197.720000000;10;9581578403;B
20240209;100918;197.720000000;30;9581578536;B
20240209;100918;197.720000000;230;9581578537;B
20240209;100919;197.710000000;30;9581578592;S
20240209;100919;197.710000000;470;9581578670;S
20240209;100920;197.690000000;10;9581578791;S
20240209;100920;197.690000000;10;9581578793;S
20240209;100920;197.630000000;30;9581578794;S
20240209;100920;197.630000000;20;9581578795;S
20240209;100920;197.630000000;10;9581578796;S
20240209;100920;197.600000000;20;9581578797;S
20240209;100920;197.650000000;180;9581578802;B
20240209;100920;197.680000000;520;9581578803;B
20240209;100928;197.600000000;100;9581579945;S
20240209;100928;197.560000000;40;9581579947;S
20240209;100928;197.560000000;180;9581579948;B
20240209;100928;197.560000000;380;9581579949;B
20240209;100931;197.560000000;100;9581580313;S
20240209;100931;197.530000000;150;9581580314;S
20240209;100934;197.510000000;10;9581580778;S
20240209;100934;197.510000000;30;9581580779;S
20240209;100934;197.510000000;10;9581580780;S
20240209;100934;197.510000000;20;9581580781;S
20240209;100935;197.660000000;180;9581580816;B
20240209;100935;197.680000000;1220;9581580817;B
20240209;100935;197.690000000;10;9581580818;B
20240209;100935;197.700000000;40;9581580819;B
20240209;100935;197.700000000;1520;9581580820;B
20240209;100935;197.700000000;1000;9581580912;S
20240209;100938;197.720000000;500;9581581175;B
20240209;100938;197.720000000;70;9581581183;B
20240209;100941;197.720000000;30;9581581630;B
20240209;100943;197.720000000;100;9581581962;B
20240209;100945;197.700000000;100;9581582155;S
20240209;100945;197.720000000;280;9581582168;B
20240209;100945;197.720000000;50;9581582169;B
20240209;100945;197.730000000;1670;9581582170;B
20240209;100945;197.730000000;30;9581582171;B
20240209;100945;197.730000000;50;9581582172;B
20240209;100945;197.730000000;10500;9581582173;B
20240209;100945;197.750000000;1000;9581582174;B
20240209;100945;197.750000000;500;9581582175;B
20240209;100945;197.820000000;30;9581582176;B
20240209;100945;197.790000000;180;9581582187;S
20240209;100945;197.790000000;500;9581582188;S
20240209;100945;197.780000000;60;9581582189;S
20240209;100945;197.730000000;250;9581582190;S
20240209;100945;197.710000000;790;9581582191;S
20240209;100945;197.930000000;30;9581582193;B
20240209;100946;197.760000000;180;9581582230;S
20240209;100946;197.750000000;120;9581582231;S
20240209;100946;197.750000000;20;9581582269;S
20240209;100946;197.750000000;30;9581582356;S
20240209;100948;197.750000000;10;9581582524;S
20240209;100948;197.760000000;40;9581582625;S
20240209;100948;197.760000000;10;9581582626;S
20240209;100948;197.760000000;20;9581582628;S
20240209;100949;197.750000000;120;9581582676;S
20240209;100950;197.890000000;20;9581582940;B
20240209;100951;197.750000000;20;9581583092;S
20240209;100951;197.870000000;180;9581583175;B
20240209;100951;197.870000000;40;9581583176;B
20240209;100951;197.880000000;30;9581583177;B
20240209;100951;197.740000000;1000;9581583184;S
20240209;100953;197.870000000;100;9581583415;B
20240209;100954;197.870000000;10;9581583598;B
20240209;100959;197.770000000;500;9581584300;S
20240209;101004;197.850000000;180;9581584827;B
20240209;101004;197.860000000;100;9581584828;B
20240209;101004;197.870000000;20;9581584829;B
20240209;101004;197.790000000;20;9581584947;S
20240209;101004;197.790000000;10;9581584948;S
20240209;101004;197.790000000;20;9581584949;S
20240209;101004;197.790000000;20;9581584950;S
20240209;101005;197.870000000;10;9581584963;B
20240209;101009;197.790000000;10;9581585508;S
20240209;101010;197.790000000;40;9581585749;S
20240209;101010;197.780000000;30;9581585750;S
20240209;101010;197.780000000;10;9581585751;S
20240209;101010;197.770000000;140;9581585752;S
20240209;101010;197.770000000;180;9581585753;S
20240209;101010;197.760000000;1510;9581585754;S
20240209;101010;197.760000000;100;9581585755;S
20240209;101010;197.750000000;50;9581585756;S
20240209;101010;197.730000000;280;9581585757;S
20240209;101010;197.720000000;660;9581585758;S
20240209;101010;197.730000000;50;9581585760;S
20240209;101012;197.710000000;100;9581585898;S
20240209;101012;197.710000000;80;9581586010;S
20240209;101013;197.800000000;100;9581586124;B
20240209;101020;197.730000000;10;9581587354;S
20240209;101020;197.730000000;50;9581587355;S
20240209;101020;197.730000000;10;9581587356;S
20240209;101020;197.720000000;10;9581587357;S
20240209;101020;197.710000000;10;9581587358;S
20240209;101020;197.710000000;10;9581587359;S
20240209;101022;197.710000000;100;9581587997;S
20240209;101022;197.710000000;150;9581587998;S
20240209;101023;197.770000000;20;9581588063;B
20240209;101024;197.770000000;50;9581588254;B
20240209;101033;197.720000000;10;9581589772;S
20240209;101033;197.710000000;10;9581589773;S
20240209;101033;197.710000000;20;9581589774;S
20240209;101033;197.710000000;20;9581589775;S
20240209;101033;197.710000000;10;9581589776;S
20240209;101034;197.710000000;190;9581589934;S
20240209;101034;197.710000000;100;9581589935;S
20240209;101034;197.710000000;100;9581589936;S
20240209;101034;197.710000000;10;9581589937;S
20240209;101037;197.720000000;150;9581590427;B
20240209;101037;197.760000000;100;9581590428;B
20240209;101037;197.760000000;10;9581590429;B
20240209;101043;197.760000000;10;9581591354;B
20240209;101044;197.740000000;50;9581591571;B
20240209;101044;197.760000000;10;9581591572;B
20240209;101048;197.710000000;30;9581592101;S
20240209;101048;197.710000000;10;9581592110;S
20240209;101048;197.710000000;20;9581592112;S
20240209;101048;197.710000000;10;9581592113;S
20240209;101048;197.710000000;20;9581592114;S
20240209;101049;197.710000000;120;9581592251;S
20240209;101053;197.760000000;40;9581593244;S
20240209;101053;197.760000000;80;9581593245;S
20240209;101059;197.760000000;80;9581594284;S
20240209;101059;197.750000000;10;9581594285;S
20240209;101059;197.750000000;100;9581594286;S
20240209;101059;197.710000000;80;9581594287;S
20240209;101059;197.710000000;100;9581594288;S
20240209;101059;197.710000000;10;9581594289;S
20240209;101059;197.710000000;10;9581594290;S
20240209;101059;197.710000000;100;9581594291;S
20240209;101059;197.700000000;1010;9581594292;S
20240209;101102;197.700000000;20;9581594765;S
20240209;101102;197.700000000;20;9581594767;S
20240209;101102;197.700000000;10;9581594768;S
20240209;101102;197.700000000;10;9581594769;S
20240209;101110;197.700000000;30;9581595893;S
20240209;101110;197.760000000;10;9581595966;B
20240209;101112;197.700000000;10;9581596172;S
20240209;101114;197.760000000;50;9581596489;B
20240209;101116;197.700000000;100;9581596720;S
20240209;101116;197.700000000;30;9581596777;S
20240209;101116;197.700000000;10;9581596779;S
20240209;101116;197.700000000;10;9581596780;S
20240209;101116;197.700000000;10;9581596781;S
20240209;101116;197.700000000;20;9581596783;S
20240209;101118;197.700000000;3350;9581596918;S
20240209;101119;197.700000000;550;9581597222;S
20240209;101121;197.700000000;740;9581597509;S
20240209;101121;197.700000000;30;9581597510;S
20240209;101121;197.700000000;20;9581597511;S
20240209;101121;197.700000000;10;9581597512;S
20240209;101121;197.700000000;10;9581597513;S
20240209;101121;197.680000000;60;9581597517;S
20240209;101124;197.680000000;40;9581597949;S
20240209;101129;197.680000000;10;9581598692;B
20240209;101131;197.680000000;40;9581598932;B
20240209;101131;197.680000000;10;9581598933;B
20240209;101131;197.650000000;10;9581598936;S
20240209;101131;197.620000000;10;9581598937;S
20240209;101131;197.620000000;20;9581598939;S
20240209;101131;197.590000000;10;9581598940;S
20240209;101131;197.570000000;20;9581598941;S
20240209;101131;197.640000000;50;9581598996;B
20240209;101132;197.560000000;80;9581599094;S
20240209;101132;197.560000000;10;9581599095;S
20240209;101132;197.560000000;40;9581599096;S
20240209;101132;197.550000000;230;9581599097;S
20240209;101132;197.550000000;10;9581599098;S
20240209;101132;197.520000000;90;9581599099;S
20240209;101132;197.510000000;40;9581599100;S
20240209;101132;197.510000000;10;9581599139;S
20240209;101132;197.510000000;20;9581599140;S
20240209;101133;197.610000000;50;9581599251;B
20240209;101133;197.500000000;10;9581599294;S
20240209;101133;197.500000000;180;9581599295;S
20240209;101133;197.500000000;20;9581599296;S
20240209;101133;197.500000000;10;9581599297;S
20240209;101133;197.500000000;780;9581599298;S
20240209;101135;197.510000000;10;9581599598;S
20240209;101136;197.640000000;10;9581599733;B
20240209;101144;197.510000000;10;9581600730;S
20240209;101146;197.620000000;10;9581601049;B
20240209;101146;197.510000000;160;9581601050;S
20240209;101146;197.510000000;500;9581601051;S
20240209;101146;197.500000000;1860;9581601052;S
20240209;101147;197.500000000;30;9581601082;S
20240209;101147;197.500000000;20;9581601087;S
20240209;101147;197.500000000;10;9581601088;S
20240209;101147;197.500000000;20;9581601089;S
20240209;101147;197.500000000;10;9581601090;S
20240209;101147;197.500000000;100;9581601164;S
20240209;101154;197.500000000;2170;9581602250;S
20240209;101154;197.500000000;10;9581602251;S
20240209;101154;197.500000000;200;9581602252;S
20240209;101154;197.500000000;10;9581602253;S
20240209;101154;197.500000000;20;9581602254;S
20240209;101154;197.500000000;10;9581602255;S
20240209;101154;197.500000000;300;9581602256;S
20240209;101154;197.490000000;10;9581602257;S
20240209;101154;197.490000000;10;9581602258;S
20240209;101154;197.490000000;40;9581602259;S
20240209;101154;197.480000000;180;9581602260;S
20240209;101154;197.440000000;500;9581602261;S
20240209;101154;197.430000000;1010;9581602262;S
20240209;101154;197.400000000;40;9581602263;S
20240209;101154;197.400000000;490;9581602264;S
20240209;101154;197.410000000;10;9581602297;S
20240209;101200;197.490000000;10;9581603017;S
20240209;101200;197.440000000;10;9581603018;S
20240209;101200;197.440000000;20;9581603026;S
20240209;101200;197.440000000;10;9581603027;S
20240209;101200;197.440000000;20;9581603028;S
20240209;101207;197.420000000;100;9581604152;S
20240209;101210;197.460000000;10;9581604530;B
20240209;101210;197.460000000;10;9581604531;B
20240209;101210;197.500000000;250;9581604532;B
20240209;101210;197.500000000;180;9581604533;B
20240209;101210;197.490000000;500;9581604534;S
20240209;101210;197.530000000;50;9581604535;B
20240209;101210;197.550000000;50;9581604536;B
20240209;101210;197.600000000;80;9581604537;B
20240209;101210;197.610000000;320;9581604538;B
20240209;101210;197.530000000;500;9581604539;S
20240209;101216;197.600000000;10;9581605594;S
20240209;101216;197.600000000;20;9581605595;S
20240209;101216;197.600000000;20;9581605596;S
20240209;101216;197.600000000;20;9581605597;S
20240209;101216;197.600000000;20;9581605598;S
20240209;101217;197.600000000;210;9581605720;S
20240209;101222;197.600000000;100;9581606471;B
20240209;101228;197.520000000;20;9581607152;S
20240209;101228;197.500000000;50;9581607153;S
20240209;101228;197.500000000;1520;9581607154;S
20240209;101228;197.490000000;1010;9581607155;S
20240209;101228;197.590000000;10;9581607244;B
20240209;101230;197.510000000;20;9581607476;S
20240209;101230;197.520000000;10;9581607479;S
20240209;101230;197.510000000;20;9581607480;S
20240209;101230;197.510000000;10;9581607481;S
20240209;101235;197.570000000;160;9581608186;S
20240209;101244;197.540000000;20;9581609161;S
20240209;101244;197.530000000;20;9581609163;S
20240209;101244;197.530000000;10;9581609164;S
20240209;101244;197.530000000;30;9581609165;S
20240209;101249;197.600000000;350;9581609812;B
20240209;101249;197.600000000;50;9581609813;B
20240209;101249;197.600000000;50;9581609814;B
20240209;101249;197.620000000;50;9581609815;B
20240209;101249;197.550000000;50;9581609909;S
20240209;101249;197.540000000;80;9581609917;S
20240209;101249;197.540000000;110;9581609918;S
20240209;101252;197.600000000;150;9581610267;B
20240209;101257;197.520000000;10;9581610733;S
20240209;101257;197.520000000;10;9581610734;S
20240209;101257;197.520000000;20;9581610735;S
20240209;101257;197.520000000;30;9581610736;S
20240209;101306;197.520000000;1460;9581611833;S
20240209;101306;197.520000000;40;9581611834;S
20240209;101311;197.520000000;10;9581612422;S
20240209;101311;197.520000000;40;9581612423;B
20240209;101313;197.520000000;30;9581612646;S
20240209;101313;197.520000000;10;9581612652;S
20240209;101313;197.520000000;10;9581612653;S
20240209;101313;197.520000000;30;9581612654;S
20240209;101313;197.520000000;10;9581612655;S
20240209;101315;197.510000000;10;9581612900;S
20240209;101315;197.510000000;40;9581612901;S
20240209;101316;197.560000000;10;9581612971;B
20240209;101322;197.520000000;10;9581613704;S
20240209;101322;197.560000000;20;9581613735;B
20240209;101323;197.560000000;10;9581613896;B
20240209;101324;197.560000000;40;9581614074;B
20240209;101324;197.560000000;10;9581614075;B
20240209;101325;197.560000000;170;9581614090;B
20240209;101325;197.560000000;50;9581614091;B
20240209;101325;197.570000000;1080;9581614092;B
20240209;101325;197.570000000;2910;9581614138;B
20240209;101325;197.590000000;890;9581614139;B
20240209;101325;197.600000000;1200;9581614140;B
20240209;101326;197.600000000;150;9581614240;B
20240209;101326;197.690000000;180;9581614260;B
20240209;101326;197.700000000;30;9581614261;B
20240209;101326;197.730000000;90;9581614262;B
20240209;101326;197.720000000;20;9581614285;B
20240209;101326;197.720000000;70;9581614328;B
20240209;101326;197.730000000;430;9581614329;B
20240209;101326;197.750000000;10;9581614330;B
20240209;101326;197.760000000;40;9581614331;B
20240209;101326;197.800000000;350;9581614332;B
20240209;101327;197.790000000;20;9581614388;B
20240209;101327;197.630000000;20;9581614442;S
20240209;101327;197.630000000;30;9581614445;S
20240209;101327;197.630000000;30;9581614446;S
20240209;101336;197.780000000;50;9581615703;B
20240209;101336;197.800000000;40;9581615717;B
20240209;101337;197.800000000;10;9581615869;B
20240209;101341;197.720000000;10;9581616658;S
20240209;101341;197.720000000;10;9581616659;S
20240209;101341;197.720000000;10;9581616660;S
20240209;101341;197.720000000;20;9581616661;S
20240209;101341;197.720000000;10;9581616662;S
20240209;101341;197.800000000;150;9581616803;B
20240209;101343;197.800000000;10;9581616986;B
20240209;101348;197.720000000;50;9581617983;S
20240209;101353;197.750000000;10;9581618863;S
20240209;101353;197.740000000;10;9581618864;S
20240209;101353;197.740000000;20;9581618866;S
20240209;101353;197.740000000;20;9581618868;S
20240209;101353;197.740000000;10;9581618869;S
20240209;101354;197.800000000;20;9581618962;B
20240209;101354;197.750000000;40;9581619043;S
20240209;101354;197.740000000;110;9581619044;S
20240209;101355;197.800000000;10;9581619078;B
20240209;101357;197.740000000;200;9581619391;S
20240209;101400;197.800000000;10;9581619759;B
20240209;101402;197.800000000;200;9581620108;B
20240209;101402;197.800000000;80;9581620109;B
20240209;101402;197.800000000;90;9581620110;B
20240209;101402;197.800000000;50;9581620111;B
20240209;101407;197.810000000;10;9581620917;S
20240209;101407;197.810000000;20;9581620918;S
20240209;101407;197.810000000;20;9581620919;S
20240209;101407;197.810000000;10;9581620920;S
20240209;101407;197.810000000;20;9581620921;S
20240209;101408;197.870000000;10;9581621050;B
20240209;101408;197.870000000;50;9581621051;B
20240209;101408;197.870000000;240;9581621052;B
20240209;101411;197.800000000;500;9581621571;S
20240209;101411;197.800000000;520;9581621572;B
20240209;101411;197.800000000;540;9581621573;B
20240209;101411;197.800000000;4480;9581621574;B
20240209;101417;197.800000000;50;9581622483;B
20240209;101418;197.800000000;10;9581622756;S
20240209;101418;197.780000000;20;9581622757;S
20240209;101418;197.780000000;20;9581622758;S
20240209;101419;197.860000000;10;9581622831;B
20240209;101422;197.860000000;10;9581623153;B
20240209;101422;197.860000000;10;9581623254;B
20240209;101422;197.870000000;60;9581623255;B
20240209;101422;197.880000000;1280;9581623256;B
20240209;101422;197.890000000;500;9581623257;B
20240209;101422;197.870000000;430;9581623258;S
20240209;101422;197.870000000;70;9581623259;B
20240209;101422;197.890000000;430;9581623260;B
20240209;101422;197.870000000;20;9581623261;B
20240209;101422;197.890000000;500;9581623262;B
20240209;101422;197.890000000;500;9581623263;B
20240209;101422;197.890000000;10;9581623294;B
20240209;101424;197.890000000;60;9581623521;B
20240209;101430;197.860000000;50;9581624240;S
20240209;101431;197.840000000;10;9581624457;S
20240209;101431;197.840000000;20;9581624458;S
20240209;101431;197.840000000;10;9581624459;S
20240209;101431;197.840000000;20;9581624468;S
20240209;101432;197.890000000;3350;9581624557;B
20240209;101433;197.970000000;10;9581624716;B
20240209;101442;197.970000000;40;9581625982;B
20240209;101442;197.970000000;110;9581625983;B
