<DATE>;<TIME>;<LAST>;<VOL>;<ID>;<OPER>
20240126;095943;197.740000000;10;9468462721;B
20240126;095943;197.740000000;20;9468462722;B
20240126;095943;197.740000000;10;9468462723;S
20240126;095943;197.740000000;80;9468462724;S
20240126;095943;197.740000000;10;9468462725;S
20240126;095943;197.740000000;20;9468462726;S
20240126;095943;197.740000000;20;9468462727;S
20240126;095943;197.740000000;350;9468462728;S
20240126;095943;197.740000000;10;9468462729;S
20240126;095943;197.740000000;10;9468462730;B
20240126;095943;197.740000000;10;9468462731;B
20240126;095943;197.740000000;10;9468462732;B
20240126;095943;197.740000000;30;9468462733;B
20240126;095943;197.740000000;10;9468462734;B
20240126;095943;197.740000000;10;9468462735;S
20240126;095943;197.740000000;20;9468462736;S
20240126;095943;197.740000000;10;9468462737;S
20240126;095943;197.740000000;20;9468462738;S
20240126;095943;197.740000000;50;9468462739;S
20240126;095943;197.740000000;10;9468462740;S
20240126;095943;197.740000000;20;9468462741;S
20240126;095943;197.740000000;30;9468462742;S
20240126;095943;197.740000000;10;9468462743;S
20240126;095943;197.740000000;60;9468462744;S
20240126;095943;197.740000000;10;9468462745;S
20240126;095943;197.740000000;10;9468462746;B
20240126;095943;197.740000000;10;9468462747;B
20240126;095943;197.740000000;100;9468462748;B
20240126;095943;197.740000000;30;9468462749;B
20240126;095943;197.740000000;30;9468462750;B
20240126;095943;197.740000000;30;9468462751;B
20240126;095943;197.740000000;30;9468462752;B
20240126;095943;197.740000000;30;9468462753;B
20240126;095943;197.740000000;30;9468462754;B
20240126;095943;197.740000000;10;9468462755;B
20240126;095943;197.740000000;40;9468462756;B
20240126;095943;197.740000000;60;9468462757;B
20240126;095943;197.740000000;10;9468462758;B
20240126;095943;197.740000000;100;9468462759;B
20240126;100000;197.730000000;300;9468469599;B
20240126;100000;197.550000000;300;9468469647;S
20240126;100000;197.730000000;10;9468470001;B
20240126;100001;197.730000000;100;9468470700;B
20240126;100001;197.730000000;600;9468470818;B
20240126;100001;197.740000000;400;9468470819;B
20240126;100001;197.730000000;100;9468470844;B
20240126;100001;197.730000000;100;9468470889;B
20240126;100001;197.700000000;10;9468470900;S
20240126;100001;197.730000000;810;9468470923;B
20240126;100001;197.740000000;190;9468470924;B
20240126;100001;197.730000000;100;9468470932;B
20240126;100001;197.730000000;100;9468470965;B
20240126;100001;197.730000000;810;9468471241;B
20240126;100001;197.740000000;190;9468471242;B
20240126;100001;197.730000000;100;9468471249;B
20240126;100001;197.700000000;50;9468471252;S
20240126;100001;197.700000000;10;9468471255;S
20240126;100001;197.710000000;1010;9468471627;B
20240126;100001;197.710000000;650;9468471638;B
20240126;100002;197.700000000;180;9468471746;S
20240126;100004;197.660000000;20;9468473633;S
20240126;100004;197.650000000;30;9468473634;S
20240126;100005;197.690000000;10;9468475140;B
20240126;100005;197.650000000;10;9468475542;S
20240126;100005;197.690000000;10;9468475545;B
20240126;100005;197.690000000;10;9468475552;B
20240126;100005;197.690000000;70;9468475736;B
20240126;100006;197.650000000;30;9468476017;S
20240126;100006;197.690000000;10;9468477044;B
20240126;100007;197.690000000;200;9468477564;B
20240126;100007;197.690000000;50;9468477752;B
20240126;100007;197.690000000;10;9468477860;B
20240126;100010;197.650000000;130;9468479009;S
20240126;100010;197.650000000;10;9468479010;S
20240126;100010;197.650000000;10;9468479011;S
20240126;100010;197.650000000;10;9468479012;S
20240126;100010;197.650000000;10;9468479013;S
20240126;100010;197.650000000;10;9468479014;S
20240126;100010;197.650000000;10;9468479015;S
20240126;100010;197.650000000;10;9468479016;S
20240126;100010;197.650000000;10;9468479017;S
20240126;100010;197.650000000;10;9468479018;S
20240126;100010;197.650000000;10;9468479019;S
20240126;100010;197.650000000;10;9468479020;S
20240126;100010;197.650000000;10;9468479021;S
20240126;100010;197.650000000;10;9468479022;S
20240126;100010;197.650000000;10;9468479023;S
20240126;100010;197.630000000;280;9468479024;S
20240126;100014;197.690000000;50;9468480300;B
20240126;100020;197.690000000;590;9468482002;B
20240126;100020;197.700000000;110;9468482003;B
20240126;100022;197.630000000;50;9468482457;S
20240126;100027;197.630000000;200;9468483683;S
20240126;100027;197.630000000;700;9468483684;S
20240126;100033;197.630000000;10;9468485159;S
20240126;100041;197.690000000;10;9468487221;B
20240126;100049;197.690000000;20;9468488963;B
20240126;100056;197.630000000;250;9468490262;S
20240126;100057;197.630000000;300;9468490664;S
20240126;100106;197.630000000;30;9468492468;S
20240126;100107;197.630000000;40;9468492541;S
20240126;100107;197.630000000;380;9468492642;S
20240126;100107;197.620000000;100;9468492643;S
20240126;100107;197.600000000;250;9468492644;S
20240126;100107;197.550000000;700;9468492645;S
20240126;100107;197.530000000;90;9468492646;S
20240126;100108;197.600000000;100;9468492752;B
20240126;100108;197.520000000;10;9468492762;S
20240126;100108;197.520000000;10;9468492763;S
20240126;100108;197.520000000;10;9468492764;S
20240126;100108;197.520000000;10;9468492765;S
20240126;100108;197.520000000;10;9468492766;S
20240126;100108;197.520000000;50;9468492767;S
20240126;100108;197.520000000;10;9468492802;S
20240126;100108;197.600000000;10;9468492810;B
20240126;100119;197.520000000;20;9468494786;S
20240126;100122;197.600000000;90;9468495262;B
20240126;100122;197.600000000;200;9468495263;B
20240126;100122;197.600000000;10;9468495264;B
20240126;100122;197.660000000;40;9468495265;B
20240126;100122;197.680000000;260;9468495266;B
20240126;100123;197.520000000;10;9468495376;S
20240126;100130;197.530000000;10;9468496906;S
20240126;100130;197.520000000;260;9468496907;S
20240126;100130;197.520000000;20;9468496908;S
20240126;100146;197.600000000;50;9468499959;B
20240126;100148;197.600000000;10;9468500412;B
20240126;100149;197.600000000;300;9468500599;B
20240126;100149;197.600000000;300;9468500600;B
20240126;100149;197.600000000;300;9468500601;B
20240126;100149;197.600000000;90;9468500602;B
20240126;100149;197.660000000;20;9468500603;B
20240126;100149;197.680000000;90;9468500605;B
20240126;100156;197.520000000;10;9468502054;S
20240126;100159;197.520000000;20;9468502592;S
20240126;100205;197.530000000;10;9468503450;B
20240126;100205;197.690000000;90;9468503451;B
20240126;100205;197.540000000;100;9468503469;S
20240126;100218;197.640000000;40;9468505659;B
20240126;100227;197.570000000;10;9468506890;S
20240126;100227;197.560000000;180;9468506891;S
20240126;100227;197.550000000;100;9468506892;S
20240126;100227;197.520000000;60;9468506893;S
20240126;100240;197.520000000;90;9468508838;S
20240126;100240;197.520000000;20;9468508839;S
20240126;100241;197.590000000;10;9468509020;B
20240126;100242;197.520000000;560;9468509136;S
20240126;100242;197.520000000;60;9468509137;S
20240126;100245;197.520000000;20;9468509663;B
20240126;100248;197.500000000;10;9468509988;S
20240126;100248;197.520000000;60;9468510027;B
20240126;100249;197.500000000;200;9468510097;S
20240126;100253;197.520000000;10;9468510769;B
20240126;100300;197.520000000;70;9468511756;B
20240126;100313;197.520000000;20;9468513825;S
20240126;100313;197.520000000;100;9468513826;S
20240126;100313;197.500000000;2880;9468513827;S
20240126;100314;197.500000000;960;9468513840;S
20240126;100317;197.500000000;720;9468514674;S
20240126;100320;197.550000000;30;9468515121;B
20240126;100320;197.550000000;30;9468515212;B
20240126;100322;197.550000000;30;9468515439;B
20240126;100325;197.510000000;200;9468515947;S
20240126;100325;197.500000000;140;9468515948;S
20240126;100326;197.500000000;30;9468516165;S
20240126;100338;197.550000000;10;9468519576;B
20240126;100340;197.500000000;70;9468519921;S
20240126;100340;197.500000000;100;9468519922;S
20240126;100340;197.440000000;30;9468519965;S
20240126;100340;197.440000000;70;9468520096;S
20240126;100340;197.390000000;70;9468520097;S
20240126;100355;197.350000000;100;9468522826;S
20240126;100355;197.350000000;20;9468522859;S
20240126;100358;197.350000000;80;9468523257;S
20240126;100358;197.350000000;370;9468523258;S
20240126;100406;197.350000000;20;9468524632;S
20240126;100413;197.390000000;140;9468525785;S
20240126;100413;197.350000000;50;9468525786;S
20240126;100413;197.340000000;10;9468525787;S
20240126;100421;197.400000000;10;9468527568;B
20240126;100423;197.340000000;10;9468528038;S
20240126;100428;197.340000000;1780;9468528742;S
20240126;100428;197.310000000;200;9468528743;S
20240126;100428;197.310000000;100;9468528744;B
20240126;100428;197.260000000;100;9468528761;S
20240126;100428;197.260000000;700;9468528768;S
20240126;100428;197.270000000;100;9468528777;S
20240126;100428;197.240000000;10;9468528782;S
20240126;100429;197.300000000;190;9468528936;B
20240126;100432;197.240000000;100;9468529374;S
20240126;100432;197.240000000;10;9468529397;S
20240126;100436;197.240000000;10;9468530000;S
20240126;100439;197.240000000;90;9468530500;S
20240126;100439;197.230000000;60;9468530503;S
20240126;100439;197.160000000;10;9468530537;S
20240126;100440;197.170000000;220;9468530767;S
20240126;100441;197.160000000;150;9468530946;S
20240126;100442;197.160000000;200;9468531089;S
20240126;100442;197.160000000;100;9468531108;S
20240126;100449;197.160000000;50;9468532628;S
20240126;100449;197.160000000;10;9468532629;S
20240126;100449;197.150000000;200;9468532720;B
20240126;100454;197.180000000;150;9468533482;B
20240126;100455;197.120000000;30;9468533769;S
20240126;100455;197.120000000;30;9468533770;S
20240126;100455;197.120000000;30;9468533771;S
20240126;100455;197.120000000;30;9468533772;S
20240126;100455;197.120000000;30;9468533773;S
20240126;100455;197.120000000;30;9468533774;S
20240126;100455;197.120000000;20;9468533775;S
20240126;100456;197.180000000;100;9468533942;B
20240126;100503;197.120000000;10;9468534882;S
20240126;100505;197.180000000;10;9468535364;B
20240126;100512;197.120000000;200;9468536649;S
20240126;100512;197.120000000;150;9468536650;S
20240126;100516;197.180000000;50;9468537432;B
20240126;100516;197.150000000;40;9468537533;S
20240126;100516;197.120000000;10;9468537534;S
20240126;100516;197.060000000;10;9468537535;S
20240126;100517;197.040000000;10;9468537629;S
20240126;100519;197.040000000;340;9468537927;S
20240126;100519;197.030000000;1500;9468537928;S
20240126;100519;197.030000000;40;9468537935;B
20240126;100519;197.020000000;10;9468537975;S
20240126;100520;197.020000000;10;9468538105;S
20240126;100520;197.020000000;30;9468538180;S
20240126;100523;197.010000000;10;9468538434;S
20240126;100523;197.010000000;10;9468538483;S
20240126;100523;197.000000000;10;9468538484;S
20240126;100524;197.000000000;10;9468538614;S
20240126;100527;197.000000000;30;9468539137;S
20240126;100527;197.000000000;10;9468539138;S
20240126;100527;197.000000000;20;9468539139;S
20240126;100527;197.000000000;20;9468539140;S
20240126;100527;197.000000000;10;9468539141;S
20240126;100527;197.000000000;50;9468539142;S
20240126;100528;197.000000000;960;9468539219;S
20240126;100528;197.000000000;160;9468539220;S
20240126;100532;197.030000000;30;9468539799;B
20240126;100533;197.000000000;10;9468539969;S
20240126;100536;197.000000000;20;9468540464;S
20240126;100536;197.000000000;1010;9468540465;S
20240126;100536;197.000000000;10;9468540466;S
20240126;100542;197.030000000;10;9468541251;B
20240126;100542;197.030000000;10;9468541306;B
20240126;100542;197.000000000;490;9468541340;S
20240126;100542;197.000000000;1010;9468541341;S
20240126;100606;197.010000000;10;9468544963;S
20240126;100606;197.010000000;20;9468544964;S
20240126;100607;197.030000000;10;9468545119;B
20240126;100610;197.020000000;60;9468545711;B
20240126;100612;197.010000000;20;9468545996;S
20240126;100612;197.000000000;40;9468545997;S
20240126;100612;197.000000000;30;9468545998;S
20240126;100615;197.000000000;410;9468546457;B
20240126;100616;197.000000000;250;9468546670;S
20240126;100623;197.000000000;600;9468547695;S
20240126;100627;197.020000000;50;9468548401;B
20240126;100631;197.030000000;20;9468548868;B
20240126;100637;197.000000000;180;9468549796;S
20240126;100637;196.990000000;1010;9468549797;S
20240126;100637;196.980000000;10;9468549799;S
20240126;100637;196.980000000;10;9468549800;S
20240126;100640;196.950000000;10;9468550163;S
20240126;100650;197.000000000;100;9468551597;B
20240126;100651;196.950000000;40;9468551619;S
20240126;100651;196.950000000;50;9468551636;S
20240126;100651;196.950000000;10;9468551637;S
20240126;100651;196.940000000;100;9468551638;S
20240126;100651;196.940000000;10;9468551639;S
20240126;100651;196.920000000;20;9468551640;S
20240126;100651;196.910000000;560;9468551641;S
20240126;100657;196.990000000;70;9468552451;B
20240126;100657;196.990000000;100;9468552556;B
20240126;100707;196.930000000;10;9468554403;S
20240126;100707;196.930000000;60;9468554404;S
20240126;100707;196.920000000;320;9468554405;S
20240126;100707;196.910000000;360;9468554406;S
20240126;100707;196.900000000;100;9468554407;S
20240126;100707;196.900000000;1010;9468554408;S
20240126;100707;196.880000000;1000;9468554409;S
20240126;100707;196.880000000;750;9468554410;B
20240126;100707;196.880000000;100;9468554411;B
20240126;100707;196.880000000;290;9468554412;B
20240126;100709;196.880000000;100;9468554745;S
20240126;100710;196.880000000;50;9468554866;S
20240126;100711;196.900000000;200;9468554939;B
20240126;100711;196.920000000;20;9468554940;B
20240126;100713;196.920000000;10;9468555209;B
20240126;100717;196.920000000;10;9468555741;B
20240126;100719;196.890000000;170;9468556074;S
20240126;100719;196.890000000;10;9468556075;S
20240126;100719;196.880000000;710;9468556076;S
20240126;100719;196.880000000;710;9468556077;S
20240126;100719;196.880000000;50;9468556078;S
20240126;100722;196.870000000;50;9468556535;S
20240126;100723;196.870000000;20;9468556741;S
20240126;100723;196.870000000;30;9468556799;S
20240126;100726;196.890000000;100;9468557120;B
20240126;100726;196.890000000;10;9468557214;B
20240126;100727;196.890000000;200;9468557282;B
20240126;100727;196.870000000;10;9468557363;S
20240126;100729;196.870000000;350;9468557643;S
20240126;100732;196.890000000;100;9468558125;B
20240126;100734;196.870000000;550;9468558342;S
20240126;100734;196.870000000;150;9468558343;S
20240126;100737;196.870000000;30;9468558728;S
20240126;100741;196.870000000;320;9468559287;S
20240126;100741;196.870000000;10;9468559288;S
20240126;100741;196.870000000;1010;9468559289;S
20240126;100741;196.860000000;10;9468559290;S
20240126;100741;196.860000000;30;9468559291;S
20240126;100741;196.860000000;40;9468559292;S
20240126;100741;196.860000000;10;9468559293;S
20240126;100741;196.860000000;90;9468559294;S
20240126;100741;196.860000000;920;9468559295;S
20240126;100742;196.850000000;10;9468559494;S
20240126;100742;196.870000000;130;9468559708;B
20240126;100747;196.870000000;200;9468560440;B
20240126;100752;196.870000000;10;9468561107;B
20240126;100753;196.870000000;220;9468561188;B
20240126;100753;196.870000000;80;9468561189;B
20240126;100758;196.850000000;120;9468561779;S
20240126;100758;196.850000000;10;9468561858;S
20240126;100800;196.870000000;100;9468562102;B
20240126;100800;196.850000000;50;9468562125;S
20240126;100802;196.850000000;70;9468562544;S
20240126;100804;196.870000000;10;9468563023;B
20240126;100808;196.870000000;10;9468563595;B
20240126;100809;196.870000000;10;9468563674;B
20240126;100810;196.870000000;10;9468563818;B
20240126;100812;196.850000000;10;9468564084;S
20240126;100817;196.870000000;100;9468564860;B
20240126;100818;196.870000000;10;9468564868;B
20240126;100818;196.870000000;50;9468564884;B
20240126;100820;196.880000000;10;9468565163;B
20240126;100820;196.880000000;10;9468565164;B
20240126;100820;196.950000000;120;9468565166;B
20240126;100820;196.990000000;100;9468565167;B
20240126;100820;196.990000000;200;9468565168;S
20240126;100820;196.990000000;160;9468565169;S
20240126;100821;196.900000000;10;9468565314;S
20240126;100833;196.990000000;10;9468566849;B
20240126;100833;196.990000000;10;9468566850;S
20240126;100835;196.930000000;180;9468567136;S
20240126;100838;196.990000000;180;9468567562;B
20240126;100838;197.000000000;130;9468567563;B
20240126;100838;197.020000000;210;9468567564;B
20240126;100838;197.080000000;80;9468567565;B
20240126;100838;197.100000000;200;9468567566;B
20240126;100838;197.110000000;50;9468567567;B
20240126;100838;197.110000000;150;9468567568;B
20240126;100842;197.000000000;50;9468568195;S
20240126;100844;197.000000000;140;9468568489;S
20240126;100853;196.990000000;50;9468569813;B
20240126;100855;196.990000000;10;9468569978;B
20240126;100903;196.930000000;200;9468571056;S
20240126;100904;196.930000000;300;9468571301;S
20240126;100904;196.930000000;220;9468571302;S
20240126;100910;196.990000000;100;9468572069;B
20240126;100910;196.930000000;180;9468572143;S
20240126;100913;196.930000000;120;9468572513;B
20240126;100914;196.990000000;30;9468572663;B
20240126;100927;196.970000000;10;9468574438;B
20240126;100927;196.970000000;10;9468574468;B
20240126;100932;196.950000000;10;9468575254;S
20240126;100932;196.920000000;10;9468575255;S
20240126;100932;196.900000000;10;9468575256;S
20240126;100932;196.900000000;100;9468575257;S
20240126;100932;196.890000000;10;9468575258;S
20240126;100935;196.960000000;10;9468575638;B
20240126;100947;196.870000000;10;9468577321;S
20240126;100947;196.860000000;150;9468577322;S
20240126;100947;196.860000000;750;9468577323;S
20240126;100947;196.860000000;490;9468577365;S
20240126;100954;196.850000000;730;9468578163;S
20240126;100954;196.850000000;10;9468578164;S
20240126;100954;196.850000000;10;9468578165;S
20240126;100954;196.850000000;20;9468578166;S
20240126;100954;196.850000000;190;9468578167;S
20240126;101001;196.860000000;10;9468579226;S
20240126;101001;196.860000000;10;9468579227;S
20240126;101001;196.850000000;100;9468579228;B
20240126;101001;196.850000000;80;9468579238;B
20240126;101002;196.850000000;180;9468579444;B
20240126;101002;196.850000000;380;9468579445;B
20240126;101003;196.840000000;10;9468579748;S
20240126;101003;196.840000000;140;9468579749;S
20240126;101004;196.960000000;10;9468579944;B
20240126;101011;196.860000000;760;9468581004;S
20240126;101011;196.850000000;190;9468581005;S
20240126;101022;196.960000000;10;9468582535;B
20240126;101040;196.960000000;10;9468585295;B
20240126;101042;196.960000000;20;9468585581;B
20240126;101044;196.940000000;280;9468585928;B
20240126;101044;196.940000000;190;9468585929;B
20240126;101044;196.960000000;10;9468585930;B
20240126;101044;196.970000000;480;9468585931;B
20240126;101044;196.960000000;130;9468585963;S
20240126;101059;197.000000000;10;9468588069;B
20240126;101059;197.030000000;10;9468588070;B
20240126;101124;197.130000000;10;9468592162;B
20240126;101126;197.060000000;10;9468592346;B
20240126;101127;197.050000000;10;9468592470;B
20240126;101127;197.050000000;50;9468592562;B
20240126;101132;197.030000000;30;9468593212;S
20240126;101132;197.030000000;50;9468593213;S
20240126;101136;197.030000000;10;9468593823;S
20240126;101147;197.030000000;140;9468595939;S
20240126;101147;197.010000000;30;9468595940;S
20240126;101147;197.010000000;760;9468595941;S
20240126;101147;197.000000000;70;9468595942;S
20240126;101211;197.010000000;10;9468599836;S
20240126;101235;197.050000000;10;9468603499;B
20240126;101247;197.010000000;10;9468605182;S
20240126;101301;197.040000000;10;9468607173;B
20240126;101301;197.040000000;10;9468607197;B
20240126;101302;197.040000000;30;9468607272;B
20240126;101317;197.050000000;10;9468610044;B
20240126;101318;197.040000000;10;9468610186;S
20240126;101326;197.040000000;490;9468611611;S
20240126;101326;197.040000000;10;9468611612;S
20240126;101335;197.040000000;40;9468612903;B
20240126;101340;197.040000000;60;9468613455;B
20240126;101343;197.030000000;10;9468613971;B
20240126;101346;197.010000000;10;9468614404;S
20240126;101346;197.010000000;20;9468614405;S
20240126;101348;197.010000000;10;9468614707;S
20240126;101403;197.020000000;10;9468616822;S
20240126;101410;197.030000000;10;9468617760;B
20240126;101410;197.040000000;290;9468617761;B
20240126;101421;197.040000000;110;9468618974;B
20240126;101421;197.040000000;60;9468618975;B
20240126;101424;197.020000000;120;9468619387;S
20240126;101424;197.010000000;20;9468619388;S
20240126;101424;197.010000000;80;9468619389;S
20240126;101424;197.010000000;10;9468619390;S
20240126;101424;197.000000000;930;9468619391;S
20240126;101424;197.000000000;250;9468619392;S
20240126;101424;197.000000000;30;9468619393;S
20240126;101425;196.990000000;10;9468619473;B
20240126;101426;196.990000000;10;9468619667;B
20240126;101429;196.990000000;740;9468619982;B
20240126;101429;196.990000000;100;9468619983;B
20240126;101431;196.960000000;650;9468620184;S
20240126;101439;196.960000000;30;9468621216;B
20240126;101450;196.960000000;210;9468622778;B
20240126;101450;196.960000000;680;9468622779;S
20240126;101450;196.960000000;1570;9468622780;S
20240126;101451;196.950000000;10;9468622893;B
20240126;101451;196.910000000;10;9468622928;S
20240126;101451;196.900000000;10;9468622929;S
20240126;101457;196.960000000;30;9468623692;B
20240126;101501;196.960000000;20;9468624255;B
20240126;101507;196.900000000;60;9468625252;S
20240126;101509;196.920000000;30;9468625770;B
20240126;101518;196.880000000;10;9468627204;S
20240126;101518;196.880000000;10;9468627205;S
20240126;101518;196.870000000;180;9468627206;S
20240126;101524;196.920000000;10;9468628456;B
20240126;101524;196.900000000;20;9468628550;S
20240126;101537;196.880000000;40;9468631622;S
20240126;101537;196.880000000;20;9468631629;S
20240126;101538;196.870000000;320;9468631881;S
20240126;101538;196.870000000;500;9468631882;S
20240126;101539;196.860000000;10;9468632156;S
20240126;101540;196.860000000;10;9468632372;S
20240126;101540;196.850000000;10;9468632410;S
20240126;101540;196.830000000;10;9468632478;S
20240126;101540;196.820000000;10;9468632499;S
20240126;101540;196.810000000;10;9468632500;S
20240126;101549;196.880000000;100;9468634451;B
20240126;101556;196.950000000;10;9468635823;B
20240126;101556;196.960000000;10;9468635824;B
20240126;101556;196.960000000;40;9468635825;B
20240126;101609;196.900000000;20;9468638485;S
20240126;101609;196.880000000;10;9468638486;S
20240126;101609;196.860000000;10;9468638487;S
20240126;101613;196.940000000;10;9468639506;B
20240126;101620;196.950000000;10;9468640694;B
20240126;101620;196.950000000;80;9468640695;B
20240126;101620;196.990000000;90;9468640758;B
20240126;101620;196.990000000;90;9468640825;B
20240126;101621;196.990000000;90;9468640890;B
20240126;101625;197.000000000;10;9468641651;B
20240126;101647;196.980000000;10;9468645053;B
20240126;101656;196.980000000;10;9468646276;B
20240126;101656;196.980000000;10;9468646298;B
20240126;101702;196.980000000;10;9468647247;B
20240126;101714;196.920000000;60;9468649850;S
20240126;101716;196.920000000;10;9468650141;S
20240126;101718;196.920000000;10;9468650525;S
20240126;101719;196.920000000;50;9468650747;S
20240126;101719;196.950000000;100;9468650830;B
20240126;101720;196.920000000;50;9468650873;S
20240126;101720;196.960000000;50;9468650993;B
20240126;101722;196.920000000;50;9468651241;S
20240126;101723;196.920000000;80;9468651307;S
20240126;101725;196.950000000;10;9468651691;B
20240126;101726;196.920000000;60;9468652016;S
20240126;101729;196.920000000;30;9468652663;S
20240126;101729;196.920000000;20;9468652664;S
20240126;101729;196.920000000;980;9468652665;S
20240126;101735;196.880000000;10;9468653792;S
20240126;101748;196.850000000;100;9468656405;S
20240126;101748;196.850000000;100;9468656407;S
20240126;101749;196.870000000;10;9468656579;B
20240126;101752;196.830000000;10;9468657225;S
20240126;101758;196.880000000;10;9468658057;B
20240126;101805;196.820000000;90;9468659615;S
20240126;101805;196.810000000;500;9468659616;S
20240126;101805;196.810000000;170;9468659617;S
20240126;101805;196.800000000;10;9468659618;S
20240126;101805;196.800000000;10;9468659619;S
20240126;101805;196.800000000;100;9468659620;S
20240126;101805;196.800000000;1000;9468659621;S
20240126;101805;196.800000000;50;9468659622;S
20240126;101805;196.800000000;10;9468659623;S
20240126;101805;196.800000000;10;9468659624;S
20240126;101805;196.790000000;100;9468659625;B
20240126;101808;196.750000000;30;9468660193;S
20240126;101808;196.740000000;20;9468660197;S
20240126;101808;196.740000000;10;9468660199;S
20240126;101810;196.760000000;150;9468660587;S
20240126;101810;196.740000000;20;9468660666;S
20240126;101810;196.740000000;20;9468660806;S
20240126;101810;196.770000000;10;9468660880;B
20240126;101811;196.740000000;10;9468660970;S
20240126;101815;196.740000000;20;9468662046;S
20240126;101815;196.770000000;10;9468662195;B
20240126;101819;196.730000000;30;9468662952;S
20240126;101819;196.730000000;10;9468662953;S
20240126;101819;196.720000000;10;9468662954;S
20240126;101819;196.720000000;100;9468662955;S
20240126;101821;196.760000000;100;9468663267;B
20240126;101826;196.720000000;300;9468664056;S
20240126;101837;196.760000000;10;9468665741;B
20240126;101838;196.760000000;30;9468666003;B
20240126;101839;196.720000000;300;9468666080;S
20240126;101841;196.720000000;2300;9468666275;S
20240126;101841;196.720000000;500;9468666276;S
20240126;101841;196.720000000;1510;9468666277;S
20240126;101845;196.720000000;10;9468667000;S
20240126;101851;196.720000000;10;9468668010;S
20240126;101851;196.720000000;10;9468668022;S
20240126;101851;196.740000000;100;9468668062;B
20240126;101855;196.740000000;10;9468668818;B
20240126;101859;196.740000000;100;9468669451;B
20240126;101902;196.720000000;460;9468670039;S
20240126;101902;196.720000000;40;9468670040;S
20240126;101902;196.720000000;20;9468670041;S
20240126;101902;196.710000000;10;9468670042;S
20240126;101902;196.710000000;370;9468670043;S
20240126;101902;196.740000000;60;9468670100;B
20240126;101902;196.710000000;70;9468670204;S
20240126;101903;196.740000000;10;9468670460;B
20240126;101904;196.710000000;30;9468670527;S
20240126;101905;196.740000000;10;9468670751;B
20240126;101907;196.720000000;40;9468671075;S
20240126;101909;196.750000000;10;9468671465;B
20240126;101914;196.770000000;100;9468672154;B
20240126;101914;196.770000000;10;9468672155;B
20240126;101914;196.780000000;170;9468672156;B
20240126;101914;196.790000000;10;9468672157;B
20240126;101914;196.800000000;200;9468672158;B
20240126;101914;196.840000000;510;9468672159;B
20240126;101921;196.850000000;760;9468673516;B
20240126;101921;196.860000000;370;9468673517;B
20240126;101921;196.880000000;390;9468673518;B
20240126;101928;196.890000000;10;9468675521;B
20240126;101928;196.900000000;10;9468675522;B
20240126;101928;196.900000000;10;9468675523;B
20240126;101928;196.900000000;60;9468675524;B
20240126;101928;196.910000000;60;9468675525;B
20240126;101939;196.760000000;10;9468677448;S
20240126;101939;196.750000000;10;9468677449;S
20240126;101943;196.750000000;10;9468677967;S
20240126;101943;196.750000000;600;9468678007;S
20240126;101943;196.740000000;30;9468678008;S
20240126;101943;196.740000000;50;9468678009;S
20240126;101943;196.740000000;190;9468678010;S
20240126;101943;196.720000000;250;9468678011;S
20240126;101944;196.720000000;30;9468678168;S
20240126;101946;196.720000000;70;9468678449;S
20240126;101951;196.740000000;10;9468678908;B
20240126;101952;196.720000000;10;9468678988;S
20240126;101954;196.720000000;30;9468679200;S
20240126;101955;196.720000000;300;9468679284;S
20240126;101955;196.760000000;20;9468679287;B
20240126;102008;196.730000000;10;9468681578;S
20240126;102008;196.720000000;240;9468681579;S
20240126;102009;196.720000000;2500;9468681858;S
20240126;102010;196.720000000;1530;9468682032;S
20240126;102010;196.720000000;280;9468682033;S
20240126;102010;196.720000000;40;9468682035;S
20240126;102011;196.720000000;870;9468682036;S
20240126;102011;196.710000000;80;9468682037;S
20240126;102011;196.700000000;50;9468682038;S
20240126;102011;196.700000000;60;9468682062;S
20240126;102011;196.700000000;10;9468682122;S
20240126;102011;196.700000000;280;9468682152;S
20240126;102011;196.700000000;10;9468682153;S
20240126;102011;196.700000000;10;9468682154;S
20240126;102011;196.700000000;100;9468682155;S
20240126;102011;196.700000000;50;9468682156;S
20240126;102011;196.700000000;50;9468682157;S
20240126;102011;196.730000000;10;9468682162;B
20240126;102011;196.760000000;40;9468682163;B
20240126;102011;196.700000000;500;9468682226;S
20240126;102011;196.700000000;10;9468682227;S
20240126;102012;196.700000000;10;9468682291;S
20240126;102015;196.700000000;10;9468682787;S
20240126;102015;196.700000000;10;9468682823;S
20240126;102016;196.710000000;10;9468682886;B
20240126;102018;196.710000000;180;9468683235;B
20240126;102019;196.710000000;90;9468683460;B
20240126;102019;196.700000000;10;9468683461;S
20240126;102020;196.710000000;90;9468683512;B
20240126;102020;196.710000000;90;9468683548;B
20240126;102020;196.710000000;30;9468683574;B
20240126;102021;196.700000000;10;9468683638;S
20240126;102021;196.700000000;10;9468683820;S
20240126;102022;196.710000000;30;9468683914;B
20240126;102022;196.700000000;40;9468683915;S
20240126;102024;196.710000000;20;9468684240;B
20240126;102026;196.700000000;340;9468684545;S
20240126;102026;196.700000000;1910;9468684546;S
20240126;102027;196.700000000;40;9468684811;S
20240126;102028;196.700000000;2720;9468684925;S
20240126;102030;196.710000000;50;9468685420;B
20240126;102031;196.710000000;10;9468685519;B
20240126;102032;196.710000000;90;9468685731;B
20240126;102032;196.710000000;90;9468685795;B
20240126;102033;196.710000000;90;9468685864;B
20240126;102033;196.710000000;90;9468685936;B
20240126;102033;196.710000000;90;9468686003;B
20240126;102033;196.710000000;90;9468686029;B
20240126;102035;196.710000000;20;9468686200;B
20240126;102038;196.710000000;10;9468686546;B
20240126;102038;196.710000000;10;9468686549;B
20240126;102050;196.710000000;40;9468688279;B
20240126;102052;196.700000000;120;9468688553;S
20240126;102053;196.700000000;400;9468688658;S
20240126;102054;196.700000000;10;9468688759;S
20240126;102054;196.710000000;30;9468688885;B
20240126;102055;196.710000000;250;9468688949;B
20240126;102056;196.710000000;30;9468689132;B
20240126;102100;196.710000000;150;9468689553;B
20240126;102102;196.700000000;400;9468689813;S
20240126;102104;196.710000000;10;9468690162;B
20240126;102105;196.710000000;200;9468690361;B
20240126;102106;196.710000000;200;9468690469;B
20240126;102109;196.700000000;10;9468690848;S
20240126;102109;196.710000000;10;9468690864;B
20240126;102113;196.710000000;10;9468691450;B
20240126;102118;196.700000000;10;9468692295;S
20240126;102134;196.700000000;10;9468694680;S
20240126;102136;196.710000000;10;9468694974;B
20240126;102138;196.710000000;50;9468695256;B
20240126;102140;196.710000000;10;9468695604;B
20240126;102141;196.700000000;20;9468695766;S
20240126;102141;196.700000000;100;9468695784;S
20240126;102147;196.700000000;10;9468696677;S
20240126;102149;196.710000000;10;9468697026;B
20240126;102154;196.700000000;600;9468697593;S
20240126;102154;196.710000000;50;9468697634;B
20240126;102155;196.700000000;120;9468697675;S
20240126;102206;196.700000000;300;9468699292;S
20240126;102207;196.700000000;10;9468699320;S
20240126;102211;196.700000000;20;9468700064;S
20240126;102211;196.710000000;10;9468700074;B
20240126;102212;196.710000000;200;9468700190;B
20240126;102213;196.700000000;10;9468700269;S
20240126;102214;196.700000000;10;9468700485;S
20240126;102221;196.710000000;10;9468701423;B
20240126;102224;196.710000000;10;9468701896;B
20240126;102226;196.700000000;200;9468702097;S
20240126;102226;196.700000000;630;9468702113;S
20240126;102228;196.710000000;90;9468702353;B
20240126;102228;196.710000000;90;9468702422;B
20240126;102228;196.710000000;90;9468702507;B
20240126;102229;196.710000000;90;9468702545;B
20240126;102229;196.710000000;90;9468702640;B
20240126;102229;196.700000000;2340;9468702762;S
20240126;102229;196.700000000;10;9468702763;S
20240126;102229;196.700000000;2000;9468702764;S
20240126;102229;196.700000000;160;9468702765;S
20240126;102229;196.700000000;40;9468702766;S
20240126;102229;196.700000000;100;9468702767;S
20240126;102229;196.700000000;10;9468702768;S
20240126;102229;196.700000000;10;9468702769;S
20240126;102229;196.700000000;500;9468702770;S
20240126;102229;196.680000000;10;9468702771;S
20240126;102229;196.680000000;690;9468702772;S
20240126;102229;196.670000000;1010;9468702773;S
20240126;102229;196.660000000;10;9468702774;S
20240126;102229;196.660000000;190;9468702775;S
20240126;102229;196.660000000;10;9468702776;S
20240126;102229;196.650000000;150;9468702777;S
20240126;102229;196.650000000;410;9468702778;S
20240126;102229;196.640000000;500;9468702779;S
20240126;102229;196.640000000;50;9468702780;S
20240126;102229;196.640000000;90;9468702781;S
20240126;102229;196.620000000;30;9468702782;S
20240126;102229;196.620000000;500;9468702783;S
20240126;102229;196.610000000;20;9468702784;S
20240126;102229;196.610000000;10;9468702785;S
20240126;102229;196.600000000;200;9468702786;S
20240126;102229;196.600000000;90;9468702787;S
20240126;102229;196.570000000;10;9468702788;S
20240126;102229;196.560000000;10;9468702789;S
20240126;102229;196.560000000;760;9468702790;S
20240126;102229;196.550000000;90;9468702791;S
20240126;102229;196.550000000;1000;9468702792;S
20240126;102229;196.540000000;1000;9468702793;S
20240126;102229;196.540000000;500;9468702794;S
20240126;102229;196.510000000;10;9468702795;S
20240126;102229;196.510000000;10;9468702796;S
20240126;102229;196.510000000;80;9468702797;S
20240126;102229;196.500000000;100;9468702798;S
20240126;102229;196.500000000;20;9468702799;S
20240126;102229;196.500000000;10;9468702800;S
20240126;102229;196.500000000;10;9468702801;S
20240126;102229;196.500000000;20;9468702802;S
20240126;102229;196.500000000;20;9468702803;S
20240126;102229;196.500000000;10;9468702804;S
20240126;102229;196.500000000;270;9468702805;S
20240126;102229;196.500000000;20;9468702806;S
20240126;102229;196.500000000;10;9468702807;S
20240126;102229;196.500000000;100;9468702808;S
20240126;102229;196.500000000;50;9468702809;S
20240126;102229;196.500000000;500;9468702810;S
20240126;102229;196.500000000;100;9468702811;B
20240126;102229;196.500000000;100;9468702812;B
20240126;102229;196.500000000;100;9468702813;B
20240126;102229;196.500000000;100;9468702814;B
20240126;102229;196.500000000;100;9468702815;B
20240126;102229;196.490000000;100;9468702818;S
20240126;102229;196.490000000;10;9468702830;S
20240126;102230;196.490000000;70;9468702837;S
20240126;102230;196.490000000;100;9468702861;S
20240126;102230;196.490000000;100;9468702874;S
20240126;102230;196.490000000;120;9468702920;S
20240126;102230;196.490000000;130;9468702921;S
20240126;102230;196.500000000;10;9468702932;B
20240126;102231;196.500000000;1000;9468702972;B
20240126;102231;196.500000000;10;9468702996;B
20240126;102232;196.490000000;10;9468703229;S
20240126;102233;196.490000000;870;9468703249;S
20240126;102233;196.490000000;130;9468703250;S
20240126;102233;196.500000000;10;9468703275;B
20240126;102235;196.500000000;10;9468703579;B
20240126;102243;196.500000000;10;9468704796;B
20240126;102244;196.490000000;260;9468704856;S
20240126;102244;196.490000000;40;9468704857;S
20240126;102244;196.490000000;80;9468704859;B
20240126;102253;196.490000000;10;9468705993;B
20240126;102254;196.490000000;10;9468706036;B
20240126;102257;196.480000000;300;9468706420;S
20240126;102257;196.480000000;20;9468706441;S
20240126;102258;196.480000000;1400;9468706614;S
20240126;102300;196.480000000;1000;9468706797;S
20240126;102303;196.490000000;100;9468707387;B
20240126;102303;196.490000000;100;9468707388;B
20240126;102304;196.480000000;40;9468707508;S
20240126;102304;196.480000000;40;9468707575;S
20240126;102305;196.480000000;40;9468707602;S
20240126;102305;196.480000000;40;9468707624;S
20240126;102305;196.490000000;30;9468707633;B
20240126;102305;196.480000000;40;9468707641;S
20240126;102305;196.480000000;40;9468707669;S
20240126;102305;196.480000000;40;9468707699;S
20240126;102306;196.480000000;30;9468707781;S
20240126;102306;196.480000000;10;9468707782;S
20240126;102306;196.480000000;40;9468707806;S
20240126;102306;196.480000000;40;9468707824;S
20240126;102306;196.480000000;40;9468707862;S
20240126;102306;196.480000000;40;9468707880;S
20240126;102307;196.480000000;40;9468707903;S
20240126;102307;196.480000000;40;9468707921;S
20240126;102307;196.480000000;40;9468708010;S
20240126;102308;196.480000000;10;9468708021;S
20240126;102308;196.480000000;30;9468708022;S
20240126;102308;196.480000000;40;9468708039;S
20240126;102308;196.480000000;30;9468708081;S
20240126;102308;196.480000000;100;9468708082;S
20240126;102308;196.480000000;10;9468708083;S
20240126;102308;196.460000000;400;9468708084;S
20240126;102308;196.460000000;140;9468708085;S
20240126;102308;196.460000000;10;9468708091;S
20240126;102309;196.460000000;850;9468708268;S
20240126;102309;196.430000000;90;9468708269;S
20240126;102309;196.430000000;10;9468708270;S
20240126;102309;196.410000000;30;9468708271;S
20240126;102309;196.390000000;160;9468708272;S
20240126;102309;196.380000000;500;9468708273;S
20240126;102309;196.360000000;10;9468708274;S
20240126;102309;196.360000000;190;9468708275;S
20240126;102309;196.360000000;500;9468708276;S
20240126;102309;196.360000000;160;9468708277;S
20240126;102309;196.400000000;100;9468708301;B
20240126;102313;196.350000000;40;9468708929;S
20240126;102314;196.350000000;340;9468709014;S
20240126;102314;196.340000000;250;9468709015;S
20240126;102314;196.340000000;10;9468709024;S
20240126;102316;196.340000000;30;9468709289;S
20240126;102316;196.390000000;310;9468709293;B
20240126;102316;196.400000000;190;9468709294;B
20240126;102316;196.390000000;10;9468709365;B
20240126;102317;196.390000000;350;9468709561;B
20240126;102317;196.400000000;450;9468709562;B
20240126;102318;196.350000000;10;9468709707;S
20240126;102320;196.400000000;80;9468709868;B
20240126;102320;196.400000000;200;9468709869;B
20240126;102320;196.410000000;190;9468709870;B
20240126;102320;196.470000000;920;9468709871;B
20240126;102320;196.480000000;20;9468709872;B
20240126;102320;196.480000000;590;9468709873;B
20240126;102320;196.380000000;10;9468709920;S
20240126;102322;196.420000000;10;9468710162;S
20240126;102322;196.410000000;10;9468710163;S
20240126;102322;196.410000000;20;9468710164;S
20240126;102329;196.500000000;500;9468710936;B
20240126;102337;196.500000000;100;9468711938;B
20240126;102338;196.470000000;10;9468712043;S
20240126;102340;196.480000000;10;9468712220;B
20240126;102340;196.500000000;15060;9468712221;B
20240126;102340;196.500000000;200;9468712222;B
20240126;102340;196.510000000;190;9468712223;B
20240126;102340;196.520000000;180;9468712224;B
20240126;102340;196.580000000;190;9468712230;B
20240126;102340;196.590000000;200;9468712231;B
20240126;102340;196.600000000;200;9468712232;B
20240126;102346;196.710000000;10;9468713015;B
20240126;102346;196.710000000;30;9468713016;B
20240126;102346;196.720000000;30;9468713017;B
20240126;102346;196.730000000;80;9468713018;B
20240126;102346;196.740000000;1530;9468713019;B
20240126;102347;196.740000000;20;9468713034;B
20240126;102351;196.740000000;10;9468713583;B
20240126;102355;196.740000000;90;9468714290;B
20240126;102358;196.730000000;100;9468714730;S
20240126;102406;196.810000000;10;9468716057;B
20240126;102415;196.810000000;10;9468717152;B
20240126;102421;196.740000000;10;9468717770;S
20240126;102426;196.810000000;80;9468718393;B
20240126;102426;196.810000000;10;9468718394;B
20240126;102426;196.820000000;150;9468718395;B
20240126;102428;196.840000000;20;9468718850;B
20240126;102428;196.840000000;30;9468718851;B
20240126;102428;196.850000000;20;9468718852;B
20240126;102428;196.860000000;30;9468718853;B
20240126;102428;196.860000000;150;9468718854;B
20240126;102428;196.870000000;10;9468718855;B
20240126;102444;196.890000000;10;9468721104;B
20240126;102448;196.890000000;10;9468721722;S
20240126;102448;196.850000000;20;9468721723;S
20240126;102457;196.940000000;10;9468723641;B
20240126;102457;196.950000000;30;9468723642;B
20240126;102457;196.960000000;60;9468723643;B
20240126;102506;196.850000000;190;9468724987;S
20240126;102506;196.850000000;120;9468724988;S
20240126;102514;196.820000000;10;9468726108;S
20240126;102534;196.800000000;10;9468729091;B
20240126;102538;196.800000000;510;9468729651;B
20240126;102538;196.830000000;490;9468729652;B
20240126;102616;196.810000000;110;9468735171;B
20240126;102621;196.800000000;150;9468735794;S
20240126;102621;196.800000000;850;9468735795;B
20240126;102621;196.890000000;190;9468735888;B
20240126;102621;196.910000000;10;9468735889;B
20240126;102621;196.910000000;100;9468735890;B
20240126;102643;196.830000000;10;9468738898;S
20240126;102643;196.830000000;10;9468738899;B
20240126;102644;196.900000000;10;9468739192;S
20240126;102647;196.890000000;20;9468739607;B
20240126;102658;196.830000000;10;9468741024;S
20240126;102708;196.820000000;10;9468742312;S
20240126;102716;196.820000000;40;9468743243;S
20240126;102719;196.800000000;20;9468743672;B
20240126;102723;196.790000000;20;9468744301;B
20240126;102724;196.780000000;50;9468744424;S
20240126;102725;196.760000000;10;9468744529;S
20240126;102728;196.760000000;30;9468745119;S
20240126;102729;196.760000000;30;9468745205;S
20240126;102729;196.760000000;20;9468745381;S
20240126;102729;196.760000000;30;9468745386;S
20240126;102730;196.760000000;30;9468745508;S
20240126;102731;196.760000000;30;9468745586;S
20240126;102735;196.760000000;20;9468746138;S
20240126;102738;196.780000000;10;9468746522;B
20240126;102738;196.790000000;90;9468746523;B
20240126;102749;196.830000000;50;9468748610;B
20240126;102749;196.830000000;50;9468748611;B
20240126;102752;196.840000000;50;9468749025;B
20240126;102801;196.810000000;30;9468750818;S
20240126;102801;196.810000000;30;9468750940;S
20240126;102805;196.810000000;10;9468751458;S
20240126;102810;196.810000000;80;9468752376;S
20240126;102810;196.800000000;220;9468752377;S
20240126;102810;196.810000000;10;9468752389;S
20240126;102814;196.920000000;10;9468752996;B
20240126;102817;196.840000000;100;9468753467;S
20240126;102817;196.810000000;170;9468753468;S
20240126;102817;196.800000000;30;9468753469;S
20240126;102818;196.900000000;10;9468753739;B
20240126;102823;196.790000000;90;9468754770;S
20240126;102832;196.880000000;100;9468756682;B
20240126;102832;196.890000000;50;9468756683;B
20240126;102832;196.890000000;180;9468756684;B
20240126;102832;196.890000000;170;9468756685;B
20240126;102837;196.810000000;50;9468757445;S
20240126;102837;196.800000000;200;9468757446;S
20240126;102837;196.800000000;140;9468757447;S
20240126;102837;196.790000000;10;9468757448;S
20240126;102838;196.900000000;100;9468757658;B
20240126;102838;196.900000000;70;9468757689;B
20240126;102838;196.900000000;30;9468757690;S
20240126;102901;196.910000000;50;9468762083;B
20240126;102901;196.920000000;10;9468762084;B
20240126;102901;196.920000000;30;9468762085;B
20240126;102901;196.930000000;90;9468762164;B
20240126;102901;196.950000000;90;9468762255;B
20240126;102901;196.950000000;50;9468762323;B
20240126;102901;196.960000000;40;9468762324;B
20240126;102902;196.960000000;90;9468762389;B
20240126;102921;196.910000000;90;9468765061;S
20240126;102921;196.910000000;100;9468765062;S
20240126;102921;196.890000000;190;9468765063;S
20240126;102921;196.870000000;500;9468765064;S
20240126;102921;196.830000000;10;9468765065;S
20240126;102921;196.830000000;1840;9468765066;S
20240126;102921;196.830000000;680;9468765067;S
20240126;102921;196.820000000;50;9468765068;S
20240126;102921;196.810000000;100;9468765069;S
20240126;102921;196.800000000;50;9468765070;S
20240126;102921;196.790000000;200;9468765071;S
20240126;102921;196.770000000;200;9468765072;S
20240126;102921;196.770000000;970;9468765073;S
20240126;102921;196.770000000;760;9468765074;S
20240126;102921;196.760000000;100;9468765075;S
20240126;102921;196.760000000;50;9468765076;S
20240126;102921;196.760000000;1400;9468765077;S
20240126;102921;196.740000000;240;9468765078;S
20240126;102921;196.900000000;20;9468765124;B
20240126;102921;196.900000000;20;9468765125;S
20240126;102936;196.910000000;10;9468767423;S
20240126;102940;196.920000000;20;9468767995;B
20240126;102940;196.930000000;10;9468767996;B
20240126;102940;196.940000000;70;9468767997;B
20240126;102955;196.910000000;10;9468770224;S
20240126;103000;196.910000000;1000;9468771367;S
20240126;103007;196.910000000;10;9468772818;S
20240126;103016;196.950000000;10;9468774272;B
20240126;103021;196.910000000;100;9468774923;S
20240126;103025;196.950000000;470;9468775447;B
20240126;103029;196.960000000;10;9468776090;B
20240126;103029;196.960000000;10;9468776091;B
20240126;103029;196.960000000;10;9468776092;B
20240126;103029;196.960000000;240;9468776093;B
20240126;103029;196.970000000;190;9468776094;B
20240126;103029;196.970000000;1010;9468776095;B
20240126;103029;196.980000000;10;9468776096;B
20240126;103029;196.990000000;520;9468776097;B
20240126;103029;196.980000000;50;9468776172;B
20240126;103038;196.990000000;80;9468777860;B
20240126;103038;197.000000000;30;9468777861;B
20240126;103038;197.000000000;20;9468777862;B
20240126;103038;197.000000000;10;9468777863;B
20240126;103038;197.000000000;30;9468777864;B
20240126;103038;197.000000000;90;9468777865;B
20240126;103038;197.000000000;10;9468777866;B
20240126;103038;197.000000000;2000;9468777867;B
20240126;103038;197.010000000;4530;9468777868;B
20240126;103038;197.010000000;10;9468777941;B
20240126;103039;197.010000000;10;9468778098;B
20240126;103039;197.000000000;30;9468778268;S
20240126;103041;197.010000000;5000;9468778606;B
20240126;103042;197.010000000;1000;9468778700;B
20240126;103044;197.010000000;90;9468779076;B
20240126;103045;197.010000000;1360;9468779185;B
20240126;103045;197.040000000;30;9468779188;B
20240126;103045;197.100000000;10;9468779260;B
20240126;103058;197.100000000;20;9468781656;B
20240126;103058;197.100000000;10;9468781657;B
20240126;103058;197.140000000;70;9468781658;B
20240126;103058;197.140000000;70;9468781659;B
20240126;103058;197.150000000;30;9468781660;B
20240126;103058;197.150000000;210;9468781661;B
20240126;103058;197.150000000;50;9468781662;B
20240126;103058;197.170000000;10;9468781663;B
20240126;103058;197.180000000;240;9468781664;B
20240126;103058;197.180000000;30;9468781665;B
20240126;103058;197.190000000;310;9468781666;B
20240126;103058;197.170000000;20;9468781677;B
20240126;103058;197.180000000;80;9468781708;B
20240126;103058;197.190000000;20;9468781709;B
20240126;103104;197.190000000;680;9468782569;B
20240126;103104;197.190000000;40;9468782570;B
20240126;103104;197.200000000;10;9468782571;B
20240126;103104;197.200000000;50;9468782572;B
20240126;103104;197.200000000;20;9468782573;B
20240126;103104;197.230000000;1000;9468782574;B
20240126;103104;197.240000000;500;9468782575;B
20240126;103104;197.260000000;200;9468782576;B
20240126;103105;197.230000000;10;9468782679;B
20240126;103109;197.210000000;10;9468783392;B
20240126;103113;197.170000000;10;9468783928;S
20240126;103114;197.230000000;120;9468783960;B
20240126;103114;197.260000000;880;9468783961;B
20240126;103117;197.260000000;10;9468784452;B
20240126;103122;197.250000000;80;9468785190;B
20240126;103124;197.260000000;130;9468785423;B
20240126;103124;197.260000000;50;9468785424;B
20240126;103124;197.260000000;40;9468785425;B
20240126;103124;197.270000000;1010;9468785426;B
20240126;103124;197.300000000;200;9468785427;B
20240126;103124;197.330000000;30;9468785428;B
20240126;103124;197.370000000;160;9468785429;B
20240126;103124;197.380000000;200;9468785430;B
20240126;103124;197.380000000;10;9468785431;B
20240126;103124;197.390000000;20;9468785432;B
20240126;103124;197.400000000;100;9468785433;B
20240126;103124;197.400000000;30;9468785434;B
20240126;103124;197.410000000;20;9468785435;B
20240126;103124;197.320000000;20;9468785447;B
20240126;103124;197.320000000;460;9468785472;B
20240126;103124;197.340000000;540;9468785473;B
20240126;103125;197.350000000;10;9468785612;B
20240126;103130;197.340000000;10;9468786256;S
20240126;103130;197.340000000;90;9468786297;S
20240126;103130;197.340000000;90;9468786332;S
20240126;103131;197.340000000;90;9468786387;S
20240126;103136;197.310000000;10;9468787156;B
20240126;103136;197.310000000;10;9468787204;B
20240126;103136;197.320000000;10;9468787205;B
20240126;103136;197.330000000;40;9468787206;B
20240126;103136;197.340000000;760;9468787207;B
20240126;103136;197.340000000;1010;9468787208;B
20240126;103136;197.360000000;170;9468787209;B
20240126;103139;197.300000000;250;9468787672;S
20240126;103139;197.280000000;190;9468787673;S
20240126;103139;197.300000000;100;9468787674;B
20240126;103144;197.290000000;10;9468788456;B
20240126;103144;197.300000000;40;9468788457;B
20240126;103145;197.250000000;20;9468788524;S
20240126;103145;197.240000000;70;9468788525;S
20240126;103146;197.220000000;10;9468788776;S
20240126;103152;197.280000000;10;9468789654;B
20240126;103152;197.290000000;190;9468789655;B
20240126;103152;197.300000000;800;9468789656;B
20240126;103201;197.240000000;10;9468791141;S
20240126;103209;197.240000000;70;9468792368;S
20240126;103213;197.240000000;10;9468792951;S
20240126;103229;197.250000000;10;9468795677;B
20240126;103229;197.260000000;50;9468795678;B
20240126;103229;197.280000000;10;9468795679;B
20240126;103229;197.280000000;1010;9468795680;B
20240126;103229;197.290000000;300;9468795681;B
20240126;103229;197.300000000;1120;9468795682;B
20240126;103230;197.230000000;50;9468795832;S
20240126;103232;197.290000000;10;9468796203;B
20240126;103301;197.260000000;10;9468800342;B
20240126;103305;197.260000000;20;9468800938;B
20240126;103305;197.270000000;90;9468800939;B
20240126;103308;197.240000000;10;9468801718;S
20240126;103310;197.230000000;10;9468801969;S
20240126;103310;197.220000000;20;9468801970;S
20240126;103330;197.270000000;670;9468804786;B
20240126;103330;197.270000000;320;9468804787;B
20240126;103330;197.270000000;330;9468804788;B
20240126;103331;197.270000000;10;9468804987;S
20240126;103335;197.270000000;10;9468805539;B
20240126;103349;197.270000000;10;9468807193;B
20240126;103349;197.280000000;760;9468807194;B
20240126;103349;197.290000000;50;9468807195;B
20240126;103349;197.290000000;480;9468807196;B
20240126;103349;197.290000000;10;9468807217;B
20240126;103414;197.260000000;10;9468811102;B
20240126;103418;197.220000000;10;9468811681;S
20240126;103425;197.260000000;500;9468812867;B
20240126;103434;197.250000000;30;9468813977;B
20240126;103436;197.220000000;460;9468814410;S
20240126;103436;197.220000000;20;9468814411;S
20240126;103436;197.210000000;20;9468814412;S
20240126;103444;197.150000000;190;9468815536;S
20240126;103444;197.140000000;90;9468815537;S
20240126;103444;197.110000000;20;9468815538;S
20240126;103450;197.200000000;10;9468816226;B
20240126;103456;197.200000000;10;9468816952;B
20240126;103457;197.200000000;50;9468817083;B
20240126;103459;197.190000000;200;9468817318;B
20240126;103509;197.110000000;10;9468818980;S
20240126;103509;197.110000000;50;9468818981;S
20240126;103509;197.100000000;50;9468818991;S
20240126;103509;197.100000000;450;9468818992;S
20240126;103509;197.100000000;50;9468818993;S
20240126;103509;197.030000000;190;9468818994;S
20240126;103509;197.000000000;10;9468818995;S
20240126;103509;197.000000000;210;9468818996;S
20240126;103509;196.980000000;20;9468818997;S
20240126;103509;196.960000000;20;9468818998;S
20240126;103510;196.960000000;20;9468819069;S
20240126;103512;196.960000000;100;9468819317;S
20240126;103522;197.010000000;10;9468820816;B
20240126;103524;196.950000000;10;9468821208;S
20240126;103532;197.010000000;10;9468822393;B
20240126;103534;196.960000000;10;9468822587;S
20240126;103534;197.020000000;10;9468822597;B
20240126;103539;197.020000000;10;9468823448;B
20240126;103539;197.020000000;10;9468823449;B
20240126;103547;196.950000000;10;9468824684;S
20240126;103624;197.080000000;10;9468830460;B
20240126;103627;197.090000000;140;9468830717;B
20240126;103637;197.020000000;30;9468832340;S
20240126;103637;197.000000000;20;9468832341;S
20240126;103639;197.000000000;10;9468832576;S
20240126;103640;197.000000000;20;9468832805;S
20240126;103640;196.970000000;10;9468832806;S
20240126;103640;196.970000000;180;9468832807;S
20240126;103640;196.950000000;510;9468832808;S
20240126;103640;196.950000000;10;9468832809;S
20240126;103640;196.940000000;10;9468832810;S
20240126;103640;196.930000000;50;9468832811;S
20240126;103640;196.920000000;160;9468832812;S
20240126;103640;196.910000000;10;9468832813;S
20240126;103640;196.910000000;10;9468832814;S
20240126;103640;196.910000000;50;9468832815;S
20240126;103640;196.900000000;950;9468832816;S
20240126;103640;196.900000000;500;9468832817;S
20240126;103640;196.860000000;20;9468832818;S
20240126;103640;196.850000000;200;9468832819;S
20240126;103640;196.840000000;1010;9468832820;S
20240126;103640;196.830000000;600;9468832821;S
20240126;103640;196.820000000;40;9468832822;S
20240126;103640;196.810000000;200;9468832823;S
20240126;103640;196.800000000;10;9468832824;S
20240126;103640;196.800000000;50;9468832825;S
20240126;103640;196.770000000;500;9468832826;S
20240126;103640;196.750000000;860;9468832827;S
20240126;103640;196.740000000;2040;9468832828;S
20240126;103641;196.910000000;500;9468832950;S
20240126;103649;196.910000000;50;9468834132;B
20240126;103653;196.920000000;50;9468834744;B
20240126;103657;196.920000000;10;9468835359;B
20240126;103658;196.800000000;50;9468835546;S
20240126;103658;196.790000000;10;9468835547;S
20240126;103658;196.780000000;40;9468835548;S
20240126;103658;196.770000000;760;9468835549;S
20240126;103658;196.760000000;90;9468835550;S
20240126;103658;196.750000000;50;9468835551;S
20240126;103659;196.900000000;60;9468835694;B
20240126;103710;196.780000000;60;9468837457;S
20240126;103711;196.780000000;40;9468837611;S
20240126;103712;196.850000000;10;9468837816;B
20240126;103716;196.780000000;660;9468838626;S
20240126;103716;196.780000000;10;9468838627;S
20240126;103716;196.780000000;1010;9468838628;S
20240126;103716;196.760000000;20;9468838629;S
20240126;103716;196.750000000;140;9468838630;S
20240126;103716;196.740000000;560;9468838631;S
20240126;103716;196.740000000;2000;9468838632;S
20240126;103716;196.700000000;10;9468838633;S
20240126;103716;196.700000000;50;9468838634;S
20240126;103716;196.700000000;990;9468838635;S
20240126;103716;196.690000000;2000;9468838636;S
20240126;103716;196.650000000;10;9468838637;S
20240126;103716;196.640000000;430;9468838638;S
20240126;103716;196.630000000;1770;9468838639;S
20240126;103716;196.620000000;10;9468838640;S
20240126;103716;196.620000000;10;9468838641;S
20240126;103716;196.610000000;80;9468838642;S
20240126;103716;196.610000000;50;9468838643;S
20240126;103716;196.600000000;3340;9468838644;S
20240126;103717;196.730000000;80;9468838774;S
20240126;103717;196.730000000;80;9468838775;S
20240126;103719;196.770000000;10;9468838995;B
20240126;103733;196.710000000;10;9468841173;S
20240126;103735;196.760000000;10;9468841487;B
20240126;103739;196.760000000;10;9468841832;B
20240126;103743;196.750000000;30;9468842344;B
20240126;103750;196.750000000;10;9468843508;B
20240126;103750;196.760000000;20;9468843509;B
20240126;103751;196.760000000;10;9468843668;B
20240126;103751;196.770000000;20;9468843669;B
20240126;103754;196.740000000;30;9468843996;S
20240126;103754;196.740000000;590;9468844037;S
20240126;103758;196.730000000;10;9468844591;S
20240126;103758;196.730000000;20;9468844592;S
20240126;103758;196.710000000;220;9468844593;S
20240126;103829;196.770000000;10;9468848556;B
20240126;103830;196.770000000;60;9468848672;B
20240126;103845;196.820000000;80;9468850387;B
20240126;103845;196.830000000;70;9468850388;B
20240126;103855;196.910000000;190;9468851586;B
20240126;103855;196.920000000;160;9468851587;B
20240126;103903;196.810000000;30;9468852564;S
20240126;103929;196.860000000;10;9468855833;S
20240126;103929;196.840000000;50;9468855834;S
20240126;103929;196.840000000;10;9468855835;S
20240126;103929;196.830000000;80;9468855836;S
20240126;103935;196.930000000;10;9468856606;B
20240126;103944;196.930000000;40;9468857502;B
20240126;103944;196.930000000;10;9468857503;B
20240126;103944;196.970000000;50;9468857504;B
20240126;103944;196.970000000;100;9468857507;S
20240126;103959;196.950000000;10;9468859053;S
20240126;104037;196.950000000;10;9468863026;S
20240126;104044;196.950000000;140;9468863764;S
20240126;104112;196.850000000;40;9468867679;S
20240126;104120;196.850000000;20;9468868680;S
20240126;104134;196.840000000;20;9468870721;S
20240126;104136;196.900000000;40;9468870995;B
20240126;104136;196.920000000;20;9468870996;B
20240126;104136;196.930000000;200;9468870997;B
20240126;104136;196.940000000;30;9468870998;B
20240126;104136;196.950000000;710;9468870999;B
20240126;104154;196.970000000;180;9468873270;B
20240126;104156;196.970000000;380;9468873627;B
20240126;104156;196.970000000;40;9468873628;B
20240126;104156;196.980000000;50;9468873629;B
20240126;104156;196.990000000;50;9468873630;B
20240126;104156;197.000000000;40;9468873631;B
20240126;104156;197.000000000;20;9468873632;B
20240126;104156;197.000000000;510;9468873633;B
20240126;104156;197.000000000;50;9468873634;B
20240126;104156;197.040000000;500;9468873635;B
20240126;104156;197.100000000;200;9468873636;B
20240126;104156;197.110000000;1840;9468873637;B
20240126;104156;197.110000000;60;9468873638;B
20240126;104156;197.110000000;160;9468873639;B
20240126;104156;197.120000000;100;9468873640;B
20240126;104156;197.120000000;500;9468873641;B
20240126;104156;197.140000000;60;9468873642;B
20240126;104203;197.040000000;20;9468874820;S
20240126;104208;197.100000000;280;9468875529;B
20240126;104208;197.110000000;20;9468875530;B
20240126;104208;197.130000000;1010;9468875531;B
20240126;104208;197.140000000;110;9468875532;B
20240126;104208;197.150000000;80;9468875533;B
20240126;104208;197.160000000;500;9468875534;B
20240126;104208;197.220000000;500;9468875535;B
20240126;104208;197.230000000;50;9468875536;B
20240126;104208;197.240000000;10;9468875537;B
20240126;104208;197.240000000;440;9468875538;B
20240126;104209;197.220000000;10;9468875576;B
20240126;104212;197.190000000;30;9468876093;B
20240126;104225;197.160000000;20;9468877910;B
20240126;104231;197.120000000;50;9468879055;S
20240126;104231;197.110000000;10;9468879056;S
20240126;104253;197.110000000;10;9468882142;B
20240126;104259;197.110000000;30;9468883027;B
20240126;104308;197.020000000;20;9468884348;S
20240126;104317;197.110000000;20;9468885567;B
20240126;104317;197.110000000;10;9468885568;B
20240126;104326;197.150000000;40;9468886983;B
20240126;104326;197.180000000;20;9468886984;B
20240126;104326;197.180000000;20;9468886985;B
20240126;104326;197.190000000;140;9468886986;B
20240126;104326;197.190000000;280;9468886987;B
20240126;104328;197.180000000;20;9468887399;B
20240126;104331;197.180000000;20;9468887712;B
20240126;104331;197.190000000;60;9468887713;B
20240126;104331;197.200000000;1010;9468887714;B
20240126;104331;197.200000000;960;9468887715;B
20240126;104331;197.200000000;20;9468887716;B
20240126;104331;197.210000000;100;9468887717;B
20240126;104331;197.240000000;150;9468887718;B
20240126;104331;197.250000000;20;9468887719;B
20240126;104331;197.250000000;100;9468887720;B
20240126;104331;197.260000000;500;9468887721;B
20240126;104331;197.270000000;10;9468887722;B
20240126;104331;197.290000000;1510;9468887723;B
20240126;104331;197.320000000;90;9468887724;B
20240126;104331;197.340000000;50;9468887725;B
20240126;104331;197.340000000;10;9468887726;B
20240126;104331;197.350000000;500;9468887727;B
20240126;104331;197.370000000;1830;9468887728;B
20240126;104331;197.370000000;760;9468887729;B
20240126;104331;197.380000000;2400;9468887730;B
20240126;104338;197.260000000;100;9468888485;S
20240126;104347;197.180000000;190;9468889563;S
20240126;104347;197.170000000;80;9468889564;S
20240126;104353;197.220000000;10;9468890703;B
20240126;104357;197.220000000;110;9468891289;B
20240126;104359;197.230000000;10;9468891732;B
20240126;104408;197.220000000;10;9468893098;B
20240126;104426;197.220000000;100;9468895914;B
20240126;104502;197.210000000;20;9468901530;B
20240126;104503;197.210000000;740;9468901709;B
20240126;104503;197.210000000;20;9468901710;B
20240126;104503;197.210000000;530;9468901711;B
20240126;104503;197.200000000;120;9468901840;B
20240126;104505;197.210000000;460;9468902004;B
20240126;104505;197.210000000;10;9468902005;B
20240126;104505;197.220000000;30;9468902006;B
20240126;104508;197.210000000;50;9468902520;B
20240126;104508;197.220000000;30;9468902521;B
20240126;104508;197.220000000;2000;9468902522;B
20240126;104508;197.220000000;10;9468902523;B
20240126;104508;197.260000000;730;9468902524;B
20240126;104508;197.260000000;10;9468902525;B
20240126;104508;197.290000000;10;9468902526;B
20240126;104508;197.310000000;10;9468902527;B
20240126;104508;197.370000000;10;9468902528;B
20240126;104508;197.370000000;290;9468902529;B
20240126;104508;197.380000000;10;9468902530;B
20240126;104508;197.380000000;1010;9468902531;B
20240126;104508;197.390000000;500;9468902532;B
20240126;104508;197.400000000;50;9468902533;B
20240126;104508;197.400000000;80;9468902534;B
20240126;104508;197.400000000;200;9468902535;B
20240126;104510;197.390000000;160;9468902828;B
20240126;104510;197.400000000;1800;9468902829;B
20240126;104510;197.400000000;40;9468902830;S
20240126;104523;197.430000000;100;9468904559;B
20240126;104523;197.430000000;40;9468904564;B
20240126;104524;197.430000000;60;9468904701;B
20240126;104524;197.440000000;40;9468904702;B
20240126;104526;197.430000000;20;9468904947;B
20240126;104526;197.440000000;80;9468904948;B
20240126;104528;197.390000000;10;9468905209;S
20240126;104528;197.390000000;40;9468905273;S
20240126;104529;197.430000000;1010;9468905443;B
20240126;104529;197.440000000;430;9468905444;B
20240126;104534;197.400000000;920;9468906124;B
20240126;104534;197.400000000;100;9468906151;B
20240126;104534;197.400000000;230;9468906195;B
20240126;104535;197.400000000;20;9468906223;B
20240126;104535;197.400000000;20;9468906258;B
20240126;104536;197.400000000;20;9468906434;B
20240126;104538;197.400000000;80;9468906758;B
20240126;104539;197.400000000;100;9468906977;B
20240126;104540;197.400000000;20;9468906999;B
20240126;104540;197.400000000;490;9468907043;B
20240126;104540;197.430000000;10;9468907044;B
20240126;104544;197.410000000;140;9468907572;S
20240126;104544;197.400000000;20;9468907573;S
20240126;104544;197.400000000;20;9468907574;S
20240126;104544;197.390000000;370;9468907575;S
20240126;104544;197.430000000;10;9468907576;B
20240126;104547;197.400000000;20;9468907892;S
20240126;104552;197.430000000;20;9468908651;B
20240126;104554;197.430000000;970;9468909052;B
20240126;104555;197.440000000;40;9468909070;B
20240126;104555;197.450000000;960;9468909071;B
20240126;104558;197.450000000;20;9468909404;B
20240126;104558;197.450000000;20;9468909463;B
20240126;104558;197.450000000;10;9468909464;B
20240126;104600;197.460000000;10;9468909655;B
20240126;104600;197.490000000;10;9468909656;B
20240126;104600;197.490000000;10;9468909657;B
20240126;104600;197.490000000;40;9468909658;B
20240126;104600;197.490000000;20;9468909666;B
20240126;104600;197.490000000;40;9468909683;B
20240126;104603;197.460000000;10;9468910037;B
20240126;104606;197.460000000;50;9468910464;B
20240126;104607;197.460000000;20;9468910649;B
20240126;104610;197.460000000;10;9468911185;B
20240126;104614;197.450000000;150;9468911856;B
20240126;104615;197.450000000;250;9468911998;B
20240126;104617;197.450000000;20;9468912256;B
20240126;104618;197.450000000;80;9468912349;B
20240126;104618;197.460000000;120;9468912350;B
20240126;104622;197.460000000;140;9468912997;B
20240126;104622;197.460000000;300;9468912998;B
20240126;104622;197.500000000;50;9468912999;B
20240126;104622;197.500000000;20;9468913000;B
20240126;104622;197.500000000;100;9468913001;B
20240126;104622;197.500000000;50;9468913002;B
20240126;104622;197.500000000;50;9468913003;B
20240126;104622;197.500000000;290;9468913004;B
20240126;104622;197.500000000;250;9468913096;B
20240126;104623;197.500000000;10;9468913133;B
20240126;104623;197.500000000;150;9468913172;B
20240126;104626;197.500000000;440;9468913512;B
20240126;104627;197.500000000;2090;9468913687;B
20240126;104627;197.500000000;2000;9468913688;B
20240126;104627;197.530000000;50;9468913707;B
20240126;104627;197.570000000;20;9468913708;B
20240126;104627;197.570000000;30;9468913709;B
20240126;104627;197.570000000;220;9468913767;B
20240126;104627;197.590000000;10;9468913768;B
20240126;104627;197.590000000;300;9468913769;B
20240126;104627;197.600000000;50;9468913770;B
20240126;104627;197.600000000;2500;9468913771;B
20240126;104627;197.610000000;50;9468913772;B
20240126;104627;197.630000000;100;9468913773;B
20240126;104627;197.630000000;1010;9468913774;B
20240126;104627;197.650000000;290;9468913775;B
20240126;104627;197.670000000;20;9468913776;B
20240126;104627;197.680000000;80;9468913777;B
20240126;104627;197.690000000;220;9468913778;B
20240126;104627;197.690000000;1000;9468913779;B
20240126;104628;197.660000000;10;9468913973;B
20240126;104630;197.600000000;10;9468914158;S
20240126;104631;197.660000000;90;9468914293;B
20240126;104642;197.640000000;10;9468915422;B
20240126;104642;197.600000000;10;9468915425;S
20240126;104644;197.640000000;350;9468915598;B
20240126;104646;197.650000000;10;9468915835;B
20240126;104646;197.640000000;250;9468915891;S
20240126;104648;197.640000000;10;9468916152;S
20240126;104652;197.650000000;90;9468916784;B
20240126;104652;197.660000000;40;9468916785;B
20240126;104652;197.670000000;150;9468916786;B
20240126;104652;197.690000000;40;9468916787;B
20240126;104652;197.690000000;590;9468916788;B
20240126;104653;197.690000000;50;9468916979;B
20240126;104656;197.690000000;10;9468917395;B
20240126;104657;197.640000000;50;9468917453;S
20240126;104659;197.690000000;50;9468917707;B
20240126;104659;197.690000000;760;9468917708;B
20240126;104659;197.700000000;210;9468917709;B
20240126;104659;197.700000000;100;9468917710;B
20240126;104659;197.700000000;50;9468917711;B
20240126;104659;197.700000000;20;9468917712;B
20240126;104659;197.720000000;3000;9468917713;B
20240126;104659;197.730000000;810;9468917714;B
20240126;104702;197.700000000;20;9468918193;S
20240126;104702;197.700000000;10;9468918284;S
20240126;104706;197.710000000;60;9468918755;B
20240126;104706;197.730000000;20;9468918756;B
20240126;104707;197.720000000;10;9468918905;B
20240126;104707;197.720000000;50;9468918977;B
20240126;104709;197.720000000;30;9468919292;B
20240126;104709;197.700000000;10;9468919439;S
20240126;104714;197.720000000;200;9468920241;B
20240126;104714;197.720000000;420;9468920242;B
20240126;104716;197.730000000;30;9468920548;B
20240126;104721;197.720000000;10;9468921296;B
20240126;104723;197.720000000;200;9468921525;B
20240126;104725;197.720000000;20;9468921835;B
20240126;104725;197.720000000;150;9468921873;B
20240126;104727;197.700000000;10;9468922235;S
20240126;104728;197.710000000;20;9468922255;B
20240126;104728;197.720000000;30;9468922256;B
20240126;104729;197.720000000;810;9468922435;B
20240126;104729;197.730000000;1140;9468922436;B
20240126;104729;197.740000000;1050;9468922437;B
20240126;104729;197.740000000;50;9468922438;B
20240126;104729;197.740000000;100;9468922439;B
20240126;104730;197.750000000;10;9468922503;B
20240126;104730;197.760000000;120;9468922504;B
20240126;104730;197.760000000;100;9468922505;B
20240126;104730;197.770000000;50;9468922506;B
20240126;104730;197.790000000;10;9468922507;B
20240126;104730;197.790000000;450;9468922508;B
20240126;104730;197.800000000;290;9468922509;B
20240126;104730;197.800000000;30;9468922510;B
20240126;104730;197.800000000;50;9468922511;B
20240126;104730;197.800000000;10;9468922512;B
20240126;104730;197.820000000;10;9468922513;B
20240126;104730;197.820000000;370;9468922514;B
20240126;104730;197.810000000;20;9468922525;B
20240126;104730;197.810000000;80;9468922545;B
20240126;104730;197.820000000;640;9468922546;B
20240126;104730;197.830000000;10;9468922547;B
20240126;104730;197.850000000;30;9468922548;B
20240126;104730;197.860000000;90;9468922549;B
20240126;104736;197.800000000;10;9468923286;S
20240126;104738;197.850000000;180;9468923536;B
20240126;104738;197.860000000;20;9468923537;B
20240126;104752;197.850000000;20;9468925265;B
20240126;104752;197.860000000;380;9468925266;B
20240126;104752;197.850000000;10;9468925409;B
20240126;104752;197.860000000;100;9468925410;B
20240126;104803;197.840000000;10;9468927054;B
20240126;104803;197.850000000;10;9468927055;B
20240126;104803;197.850000000;10;9468927056;B
20240126;104803;197.850000000;10;9468927057;B
20240126;104803;197.860000000;2410;9468927058;B
20240126;104803;197.870000000;10;9468927059;B
20240126;104803;197.870000000;400;9468927060;B
20240126;104803;197.870000000;500;9468927061;B
20240126;104803;197.870000000;1640;9468927062;B
20240126;104805;197.870000000;1860;9468927361;B
20240126;104805;197.870000000;1010;9468927362;B
20240126;104805;197.880000000;200;9468927363;B
20240126;104805;197.890000000;500;9468927364;B
20240126;104805;197.890000000;10;9468927365;B
20240126;104805;197.890000000;20;9468927366;B
20240126;104805;197.890000000;1400;9468927367;B
20240126;104805;197.880000000;10;9468927375;B
20240126;104805;197.880000000;10;9468927376;B
20240126;104808;197.870000000;760;9468927671;B
20240126;104808;197.880000000;990;9468927672;B
20240126;104808;197.890000000;600;9468927673;B
20240126;104808;197.900000000;50;9468927674;B
20240126;104808;197.900000000;2500;9468927675;B
20240126;104812;197.930000000;100;9468928011;B
20240126;104812;197.910000000;20;9468928049;S
20240126;104813;197.910000000;80;9468928145;S
20240126;104813;197.900000000;250;9468928146;S
20240126;104813;197.860000000;180;9468928147;S
20240126;104813;197.840000000;860;9468928148;S
20240126;104813;197.830000000;500;9468928149;S
20240126;104821;197.810000000;40;9468928948;B
20240126;104822;197.810000000;30;9468929047;B
20240126;104825;197.810000000;50;9468929817;B
20240126;104830;197.800000000;10;9468930433;S
20240126;104832;197.810000000;10;9468930938;B
20240126;104838;197.800000000;100;9468931857;S
20240126;104840;197.810000000;20;9468932196;B
20240126;104845;197.810000000;150;9468932855;B
20240126;104847;197.810000000;300;9468933160;B
20240126;104848;197.810000000;50;9468933211;B
20240126;104850;197.810000000;10;9468933518;B
20240126;104852;197.810000000;980;9468933638;B
20240126;104852;197.810000000;10;9468933668;B
20240126;104852;197.810000000;250;9468933694;B
20240126;104852;197.810000000;120;9468933695;B
20240126;104903;197.810000000;1000;9468935104;B
20240126;104904;197.810000000;20;9468935225;B
20240126;104907;197.810000000;60;9468935610;B
20240126;104907;197.800000000;10;9468935612;S
20240126;104907;197.810000000;30;9468935750;B
20240126;104910;197.810000000;10;9468936482;B
20240126;104924;197.810000000;10;9468938540;B
20240126;104926;197.800000000;20;9468938909;S
20240126;104932;197.800000000;100;9468939681;S
20240126;104932;197.800000000;100;9468939682;S
20240126;104932;197.800000000;20;9468939683;S
20240126;104932;197.800000000;40;9468939684;S
20240126;104932;197.810000000;10;9468939765;B
20240126;104933;197.800000000;100;9468939836;S
20240126;104935;197.810000000;20;9468940103;B
20240126;104936;197.800000000;10;9468940265;S
20240126;104940;197.800000000;4850;9468940640;S
20240126;104940;197.800000000;10;9468940641;S
20240126;104940;197.800000000;140;9468940642;S
20240126;104944;197.810000000;20;9468941988;B
20240126;104948;197.800000000;60;9468942284;S
20240126;104948;197.800000000;60;9468942285;S
20240126;104948;197.780000000;10;9468942286;S
20240126;104950;197.780000000;10;9468942490;B
20240126;104950;197.780000000;10;9468942491;B
20240126;104950;197.790000000;30;9468942492;B
20240126;104950;197.790000000;450;9468942493;B
20240126;104957;197.790000000;10;9468943146;B
20240126;104959;197.780000000;10;9468943517;B
20240126;104959;197.780000000;10;9468943518;B
20240126;104959;197.790000000;730;9468943519;B
20240126;105018;197.780000000;20;9468946364;B
20240126;105025;197.780000000;10;9468947568;B
20240126;105026;197.740000000;10;9468947715;S
20240126;105026;197.730000000;350;9468947716;S
20240126;105028;197.740000000;10;9468948096;B
20240126;105029;197.740000000;10;9468948194;B
20240126;105031;197.740000000;70;9468948385;B
20240126;105039;197.780000000;500;9468949402;B
20240126;105039;197.790000000;50;9468949403;B
20240126;105039;197.790000000;500;9468949404;B
20240126;105039;197.800000000;920;9468949405;B
20240126;105039;197.800000000;180;9468949406;B
20240126;105039;197.800000000;10;9468949407;B
20240126;105039;197.810000000;100;9468949408;B
20240126;105047;197.810000000;20;9468950464;B
20240126;105048;197.800000000;10;9468950745;S
20240126;105048;197.770000000;20;9468950746;S
20240126;105051;197.810000000;10;9468951007;B
20240126;105053;197.760000000;430;9468951249;S
20240126;105053;197.740000000;70;9468951250;S
20240126;105055;197.740000000;10;9468951454;S
20240126;105055;197.740000000;200;9468951476;S
20240126;105100;197.740000000;100;9468952052;S
20240126;105107;197.740000000;50;9468952654;S
20240126;105110;197.740000000;1520;9468953090;S
20240126;105110;197.740000000;480;9468953091;S
20240126;105110;197.740000000;400;9468953092;S
20240126;105110;197.740000000;180;9468953093;S
20240126;105116;197.740000000;10;9468953570;B
20240126;105121;197.740000000;40;9468953934;B
20240126;105125;197.720000000;10;9468954282;S
20240126;105125;197.700000000;200;9468954283;S
20240126;105125;197.700000000;100;9468954284;S
20240126;105125;197.700000000;90;9468954285;S
20240126;105125;197.700000000;200;9468954286;S
20240126;105138;197.700000000;100;9468955453;S
20240126;105139;197.700000000;10;9468955580;S
20240126;105143;197.730000000;10;9468955927;B
20240126;105145;197.730000000;10;9468956059;B
20240126;105147;197.740000000;10;9468956214;B
20240126;105147;197.770000000;180;9468956215;B
20240126;105147;197.770000000;10;9468956216;B
20240126;105148;197.720000000;10;9468956265;S
20240126;105148;197.790000000;10;9468956303;B
20240126;105148;197.800000000;40;9468956304;B
20240126;105149;197.790000000;10;9468956357;B
20240126;105149;197.800000000;40;9468956358;B
20240126;105149;197.720000000;60;9468956367;S
20240126;105158;197.720000000;110;9468957088;S
20240126;105158;197.710000000;210;9468957089;S
20240126;105158;197.700000000;390;9468957090;S
20240126;105158;197.700000000;1000;9468957091;S
20240126;105158;197.700000000;20;9468957092;S
20240126;105158;197.700000000;60;9468957093;S
20240126;105158;197.660000000;500;9468957094;S
20240126;105158;197.640000000;340;9468957095;S
20240126;105158;197.640000000;20;9468957096;S
20240126;105202;197.720000000;40;9468957437;S
20240126;105206;197.730000000;170;9468957818;B
20240126;105206;197.740000000;760;9468957819;B
20240126;105206;197.750000000;70;9468957820;B
20240126;105206;197.790000000;370;9468957823;B
20240126;105211;197.750000000;10;9468958285;S
20240126;105213;197.790000000;10;9468958586;B
20240126;105213;197.790000000;10;9468958587;B
20240126;105213;197.800000000;20;9468958588;B
20240126;105225;197.750000000;20;9468960499;S
20240126;105227;197.750000000;10;9468960684;S
20240126;105236;197.750000000;250;9468961872;S
20240126;105243;197.780000000;10;9468962686;B
20240126;105243;197.790000000;20;9468962687;B
20240126;105243;197.790000000;10;9468962688;B
20240126;105254;197.750000000;50;9468963358;S
20240126;105312;197.780000000;10;9468965419;B
20240126;105313;197.800000000;2000;9468965551;B
20240126;105313;197.800000000;200;9468965552;B
20240126;105315;197.810000000;20;9468965698;B
20240126;105317;197.800000000;10;9468965817;S
20240126;105320;197.810000000;1000;9468966048;B
20240126;105320;197.810000000;150;9468966049;B
20240126;105320;197.810000000;1000;9468966070;B
20240126;105321;197.810000000;1000;9468966089;B
20240126;105321;197.810000000;1000;9468966104;B
20240126;105321;197.810000000;630;9468966136;B
20240126;105321;197.810000000;10;9468966137;B
20240126;105321;197.810000000;120;9468966138;B
20240126;105321;197.810000000;240;9468966139;B
20240126;105321;197.810000000;30;9468966140;B
20240126;105321;197.810000000;120;9468966166;B
20240126;105322;197.810000000;20;9468966219;B
20240126;105322;197.800000000;80;9468966233;S
20240126;105325;197.800000000;110;9468966493;S
20240126;105325;197.810000000;90;9468966514;B
20240126;105325;197.830000000;10;9468966515;B
20240126;105325;197.840000000;600;9468966516;B
20240126;105329;197.840000000;120;9468966710;B
20240126;105329;197.840000000;180;9468966735;B
20240126;105329;197.870000000;30;9468966736;B
20240126;105340;197.810000000;500;9468968385;S
20240126;105344;197.860000000;60;9468968899;B
20240126;105344;197.880000000;10;9468968900;B
20240126;105344;197.900000000;10;9468968901;B
20240126;105344;197.900000000;50;9468968902;B
20240126;105344;197.930000000;50;9468968903;B
20240126;105344;197.930000000;20;9468968915;B
20240126;105346;197.930000000;140;9468969422;B
20240126;105346;197.880000000;20;9468969529;S
20240126;105346;197.870000000;20;9468969531;B
20240126;105346;197.870000000;10;9468969546;B
20240126;105351;197.870000000;400;9468970181;B
20240126;105351;197.940000000;200;9468970182;B
20240126;105351;197.860000000;10;9468970335;S
20240126;105351;197.860000000;10;9468970337;S
20240126;105408;197.920000000;10;9468972972;B
20240126;105414;197.920000000;40;9468973552;B
20240126;105414;197.920000000;660;9468973567;B
20240126;105414;197.930000000;30;9468973568;B
20240126;105414;197.930000000;4310;9468973569;B
20240126;105416;197.930000000;5000;9468973878;B
20240126;105420;197.930000000;60;9468974670;B
20240126;105421;197.930000000;640;9468974832;B
20240126;105421;197.930000000;70;9468974833;B
20240126;105421;197.930000000;20;9468974834;B
20240126;105421;197.940000000;70;9468974835;B
20240126;105421;197.900000000;10;9468974854;S
20240126;105422;197.940000000;10;9468974957;B
20240126;105422;197.940000000;50;9468974979;B
20240126;105434;197.900000000;10;9468976520;S
20240126;105436;197.930000000;10;9468976733;B
20240126;105436;197.940000000;170;9468976734;B
20240126;105436;197.940000000;10;9468976735;B
20240126;105436;197.950000000;40;9468976736;B
20240126;105436;197.950000000;50;9468976737;B
20240126;105436;197.950000000;20;9468976738;B
20240126;105437;197.920000000;10;9468976828;S
20240126;105440;197.950000000;170;9468977070;B
20240126;105440;197.930000000;10;9468977083;S
20240126;105445;197.950000000;100;9468977513;B
20240126;105450;197.950000000;10;9468977991;B
20240126;105452;197.950000000;10;9468978144;B
20240126;105453;197.950000000;1590;9468978230;B
20240126;105455;197.950000000;10;9468978378;B
20240126;105457;197.950000000;10;9468978530;B
20240126;105458;197.950000000;80;9468978586;B
20240126;105458;197.970000000;10;9468978587;B
20240126;105458;197.980000000;10;9468978588;B
20240126;105458;197.980000000;140;9468978589;B
20240126;105459;197.980000000;1750;9468978677;B
20240126;105507;197.970000000;10;9468979237;S
20240126;105507;197.970000000;10;9468979254;S
20240126;105513;197.980000000;10;9468979771;B
20240126;105517;197.980000000;70;9468979981;B
20240126;105517;197.980000000;90;9468979982;B
20240126;105517;197.980000000;40;9468979983;B
20240126;105517;197.980000000;300;9468979984;B
20240126;105517;197.980000000;80;9468980013;B
20240126;105517;197.970000000;10;9468980051;S
20240126;105518;197.980000000;50;9468980077;B
20240126;105520;197.980000000;10;9468980258;B
20240126;105520;197.970000000;1970;9468980282;S
20240126;105520;197.970000000;10;9468980283;S
20240126;105525;197.940000000;10;9468980636;S
20240126;105534;197.970000000;10;9468982010;B
20240126;105534;197.970000000;10;9468982011;B
20240126;105534;197.970000000;30;9468982012;B
20240126;105536;197.940000000;10;9468982376;S
20240126;105538;197.970000000;10;9468982663;B
20240126;105538;197.970000000;10;9468982664;B
20240126;105538;197.970000000;10;9468982665;B
20240126;105538;197.970000000;10;9468982666;B
20240126;105538;197.970000000;30;9468982667;B
20240126;105546;197.970000000;10;9468983636;B
20240126;105550;197.940000000;70;9468983961;S
20240126;105550;197.970000000;20;9468983962;B
20240126;105550;197.940000000;50;9468984000;S
20240126;105557;197.940000000;10;9468985225;S
20240126;105601;197.940000000;290;9468985886;S
20240126;105603;197.970000000;830;9468986201;B
20240126;105608;197.960000000;10;9468986905;S
20240126;105610;197.970000000;10;9468987061;B
20240126;105613;197.960000000;10;9468987226;S
20240126;105632;197.970000000;100;9468990664;B
20240126;105632;197.970000000;50;9468990665;B
20240126;105632;197.970000000;100;9468990666;B
20240126;105632;197.970000000;410;9468990667;B
20240126;105646;197.960000000;40;9468992776;S
20240126;105651;197.960000000;100;9468993284;S
20240126;105654;197.960000000;10;9468993671;S
20240126;105707;197.970000000;1090;9468995762;B
20240126;105707;197.970000000;250;9468995763;B
20240126;105709;197.980000000;10;9468996095;B
20240126;105710;197.980000000;250;9468996139;B
20240126;105712;197.980000000;40;9468996540;B
20240126;105714;197.970000000;10;9468996734;S
20240126;105718;197.970000000;1900;9468997429;S
20240126;105718;197.970000000;100;9468997430;S
20240126;105719;197.970000000;110;9468997623;S
20240126;105722;197.970000000;10;9468998154;S
20240126;105726;197.970000000;10;9468998744;S
20240126;105728;197.970000000;60;9468998966;S
20240126;105728;197.980000000;710;9468998977;B
20240126;105728;197.980000000;130;9468998978;B
20240126;105728;197.990000000;100;9468998979;B
20240126;105728;197.990000000;20;9468998980;B
20240126;105728;197.990000000;30;9468998981;B
20240126;105728;197.990000000;2290;9468998982;B
20240126;105733;197.990000000;190;9468999704;B
20240126;105740;197.980000000;50;9469001111;B
20240126;105740;197.990000000;40;9469001112;B
20240126;105742;197.990000000;140;9469001339;B
20240126;105744;197.970000000;50;9469001627;S
20240126;105746;197.970000000;100;9469001952;S
20240126;105747;197.990000000;30;9469002076;B
20240126;105749;197.990000000;1310;9469002484;B
20240126;105749;198.000000000;800;9469002485;B
20240126;105749;198.000000000;30;9469002486;B
20240126;105749;198.000000000;10;9469002487;B
20240126;105749;198.000000000;100;9469002488;B
20240126;105749;198.000000000;150;9469002489;B
20240126;105749;198.000000000;100;9469002490;B
20240126;105749;198.000000000;10;9469002491;B
20240126;105749;198.000000000;1000;9469002492;B
20240126;105749;198.000000000;10;9469002493;B
20240126;105749;198.000000000;20;9469002494;B
20240126;105749;198.000000000;60;9469002495;B
20240126;105749;198.000000000;10;9469002496;B
20240126;105749;198.000000000;10;9469002497;B
20240126;105749;198.000000000;50;9469002498;B
20240126;105749;198.000000000;10;9469002499;B
20240126;105749;198.000000000;70;9469002500;B
20240126;105749;198.000000000;50;9469002501;B
20240126;105749;198.000000000;1000;9469002502;B
20240126;105749;198.000000000;5000;9469002503;B
20240126;105749;198.000000000;10;9469002504;B
20240126;105749;198.000000000;50;9469002505;B
20240126;105749;198.000000000;10;9469002506;B
20240126;105749;198.000000000;150;9469002507;B
20240126;105749;198.000000000;10;9469002508;B
20240126;105749;198.010000000;210;9469002512;B
20240126;105749;198.010000000;60;9469002514;B
20240126;105749;198.040000000;10;9469002519;B
20240126;105749;198.060000000;20;9469002520;B
20240126;105749;198.070000000;10;9469002521;B
20240126;105749;198.080000000;10;9469002522;B
20240126;105749;198.080000000;20;9469002528;B
20240126;105750;198.060000000;20;9469002608;S
20240126;105750;198.080000000;30;9469002615;B
20240126;105750;198.090000000;20;9469002616;B
20240126;105750;198.090000000;40;9469002626;B
20240126;105750;198.090000000;50;9469002637;B
20240126;105750;198.090000000;2660;9469002644;B
20240126;105750;198.070000000;50;9469002657;S
20240126;105750;198.070000000;100;9469002665;S
20240126;105750;198.070000000;20;9469002696;S
20240126;105750;198.090000000;2000;9469002698;B
20240126;105750;198.090000000;50;9469002702;B
20240126;105750;198.090000000;180;9469002705;B
20240126;105750;198.090000000;60;9469002706;B
20240126;105750;198.100000000;100;9469002707;B
20240126;105750;198.100000000;50;9469002708;B
20240126;105750;198.150000000;100;9469002709;B
20240126;105750;198.160000000;500;9469002710;B
20240126;105750;198.160000000;20;9469002711;B
20240126;105750;198.180000000;10;9469002712;B
20240126;105750;198.180000000;10;9469002713;B
20240126;105750;198.190000000;470;9469002714;B
20240126;105751;198.140000000;10;9469002722;B
20240126;105751;198.100000000;50;9469002727;S
20240126;105751;198.090000000;760;9469002728;S
20240126;105751;198.080000000;30;9469002791;S
20240126;105751;198.090000000;490;9469002806;B
20240126;105751;198.180000000;170;9469002807;B
20240126;105751;198.190000000;30;9469002808;B
20240126;105751;198.190000000;1310;9469002809;B
20240126;105751;198.190000000;30;9469002954;B
20240126;105753;198.190000000;60;9469003200;B
20240126;105753;198.190000000;10;9469003275;B
20240126;105757;198.180000000;10;9469003774;B
20240126;105801;198.180000000;50;9469004212;B
20240126;105803;198.180000000;30;9469004327;B
20240126;105804;198.180000000;10;9469004530;B
20240126;105805;198.180000000;50;9469004551;B
20240126;105806;198.170000000;10;9469004695;S
20240126;105809;198.180000000;50;9469005017;B
20240126;105812;198.180000000;100;9469005280;B
20240126;105813;198.180000000;50;9469005375;B
20240126;105818;198.120000000;100;9469005905;S
20240126;105826;198.120000000;50;9469006828;S
20240126;105829;198.170000000;10;9469007228;B
20240126;105829;198.170000000;10;9469007229;B
20240126;105829;198.180000000;230;9469007230;B
20240126;105830;198.180000000;10;9469007376;B
20240126;105830;198.140000000;10;9469007384;S
20240126;105835;198.130000000;10;9469007883;S
20240126;105843;198.180000000;10;9469009164;B
20240126;105847;198.160000000;60;9469009935;S
20240126;105849;198.180000000;10;9469010244;B
20240126;105852;198.180000000;10;9469010897;B
20240126;105854;198.180000000;10;9469011119;B
20240126;105856;198.180000000;10;9469011341;B
20240126;105858;198.180000000;10;9469011541;B
20240126;105901;198.160000000;340;9469011783;B
20240126;105904;198.160000000;50;9469012251;B
20240126;105907;198.150000000;10;9469012514;S
20240126;105908;198.150000000;10;9469012596;S
20240126;105908;198.150000000;20;9469012633;S
20240126;105912;198.150000000;10;9469012945;S
20240126;105912;198.140000000;40;9469012967;S
20240126;105913;198.140000000;240;9469013013;S
20240126;105913;198.130000000;110;9469013014;S
20240126;105913;198.160000000;10;9469013075;B
20240126;105918;198.130000000;140;9469013497;S
20240126;105918;198.120000000;10;9469013498;S
20240126;105918;198.120000000;430;9469013499;S
20240126;105918;198.110000000;180;9469013500;S
20240126;105918;198.100000000;250;9469013501;S
20240126;105918;198.100000000;1990;9469013502;S
20240126;105920;198.100000000;10;9469013684;S
20240126;105922;198.100000000;20;9469013931;S
20240126;105930;198.120000000;10;9469014418;B
20240126;105930;198.130000000;40;9469014432;S
20240126;105931;198.140000000;200;9469014522;B
20240126;105934;198.130000000;20;9469014741;S
20240126;105934;198.140000000;10;9469014751;B
20240126;105936;198.130000000;30;9469014896;S
20240126;105936;198.110000000;70;9469014897;S
20240126;105936;198.100000000;10;9469014898;S
20240126;105941;198.140000000;10;9469015200;B
20240126;105942;198.110000000;10;9469015254;S
20240126;105947;198.110000000;20;9469015678;S
20240126;105947;198.110000000;760;9469015679;S
20240126;105947;198.100000000;470;9469015680;S
20240126;105947;198.100000000;10;9469015681;S
20240126;105947;198.100000000;3840;9469015682;S
20240126;105948;198.100000000;1160;9469015726;S
20240126;105948;198.060000000;70;9469015727;S
20240126;105948;198.060000000;180;9469015728;S
20240126;105948;198.020000000;160;9469015729;S
20240126;105948;198.010000000;10;9469015730;S
20240126;105948;198.000000000;250;9469015731;S
20240126;105948;198.000000000;760;9469015732;S
20240126;105948;198.000000000;500;9469015733;S
20240126;105948;197.990000000;150;9469015734;S
20240126;105948;197.970000000;410;9469015735;S
20240126;105948;197.970000000;20;9469015736;S
20240126;105948;197.970000000;70;9469015737;S
20240126;105948;197.970000000;260;9469015738;S
20240126;105952;198.030000000;30;9469016030;B
20240126;105956;198.030000000;70;9469016469;B
20240126;105958;198.030000000;740;9469016713;B
20240126;105958;198.040000000;180;9469016714;B
20240126;105958;198.090000000;1130;9469016715;B
20240126;105958;198.160000000;100;9469016716;B
20240126;105958;198.170000000;760;9469016717;B
20240126;105958;198.180000000;40;9469016718;B
20240126;105958;198.180000000;10;9469016719;B
20240126;105958;198.180000000;200;9469016720;B
20240126;105958;198.180000000;10;9469016721;B
20240126;105958;198.190000000;3590;9469016722;B
20240126;105958;198.190000000;200;9469016723;B
20240126;105958;198.200000000;100;9469016724;B
20240126;105958;198.200000000;140;9469016725;B
20240126;105958;198.200000000;10;9469016726;B
20240126;105958;198.200000000;80;9469016727;B
20240126;105958;198.200000000;50;9469016728;B
20240126;105958;198.220000000;20;9469016729;B
20240126;105958;198.220000000;10;9469016730;B
20240126;105958;198.230000000;290;9469016731;B
20240126;105958;198.230000000;80;9469016732;B
20240126;105958;198.230000000;3260;9469016733;B
20240126;105958;198.220000000;10;9469016775;B
20240126;110002;198.100000000;200;9469017351;S
20240126;110014;198.040000000;240;9469019043;S
20240126;110016;198.110000000;50;9469019372;B
20240126;110016;198.110000000;170;9469019373;B
20240126;110016;198.190000000;50;9469019374;B
20240126;110016;198.190000000;50;9469019375;B
20240126;110016;198.190000000;30;9469019376;B
20240126;110022;198.080000000;30;9469020164;B
20240126;110023;198.060000000;200;9469020217;B
20240126;110028;198.060000000;80;9469020918;B
20240126;110032;198.090000000;270;9469021384;B
20240126;110032;198.100000000;1080;9469021385;B
20240126;110045;198.040000000;10;9469022874;S
20240126;110054;198.030000000;40;9469023898;S
20240126;110054;198.030000000;10;9469023899;S
20240126;110054;198.020000000;180;9469023900;S
20240126;110054;198.020000000;80;9469023901;S
20240126;110054;198.010000000;30;9469023902;S
20240126;110059;198.070000000;10;9469024556;B
20240126;110103;198.070000000;90;9469024980;S
20240126;110103;198.070000000;110;9469024981;S
20240126;110103;198.070000000;10;9469025147;S
20240126;110104;198.070000000;10;9469025194;S
20240126;110107;198.070000000;10;9469025837;S
20240126;110108;198.070000000;10;9469026031;S
20240126;110112;198.070000000;10;9469026577;S
20240126;110116;198.080000000;50;9469027123;B
20240126;110116;198.070000000;20;9469027124;S
20240126;110116;198.070000000;10;9469027138;S
20240126;110119;198.080000000;10;9469027536;B
20240126;110119;198.070000000;10;9469027537;S
20240126;110125;198.080000000;20;9469028862;B
20240126;110125;198.080000000;10;9469028863;B
20240126;110125;198.080000000;60;9469028864;B
20240126;110125;198.080000000;10;9469028865;B
20240126;110125;198.080000000;10;9469028866;B
20240126;110125;198.080000000;10;9469028867;S
20240126;110125;198.100000000;80;9469028868;B
20240126;110130;198.100000000;30;9469029822;B
20240126;110140;198.100000000;10;9469031287;B
20240126;110147;198.100000000;350;9469032267;B
20240126;110155;198.100000000;10;9469033380;B
20240126;110159;198.100000000;10;9469034688;B
20240126;110202;198.100000000;100;9469035186;B
20240126;110211;198.090000000;380;9469037220;B
20240126;110211;198.100000000;1040;9469037221;B
20240126;110211;198.060000000;30;9469037321;S
20240126;110215;198.060000000;10;9469038143;S
20240126;110222;198.090000000;100;9469039106;B
20240126;110222;198.100000000;390;9469039107;B
20240126;110225;198.100000000;10;9469039602;B
20240126;110232;198.100000000;20;9469040589;B
20240126;110234;198.100000000;10;9469040767;B
20240126;110234;198.100000000;10;9469040769;B
20240126;110234;198.100000000;60;9469040771;B
20240126;110234;198.100000000;10;9469040777;B
20240126;110234;198.100000000;40;9469040784;B
20240126;110234;198.100000000;10;9469040787;B
20240126;110234;198.100000000;10;9469040789;B
20240126;110234;198.100000000;10;9469040791;B
20240126;110234;198.100000000;20;9469040792;B
20240126;110234;198.100000000;30;9469040797;B
20240126;110234;198.100000000;20;9469040798;B
20240126;110234;198.100000000;10;9469040799;B
20240126;110234;198.100000000;10;9469040802;B
20240126;110234;198.100000000;20;9469040808;B
20240126;110234;198.100000000;60;9469040822;B
20240126;110234;198.100000000;10;9469040823;B
20240126;110234;198.100000000;10;9469040827;B
20240126;110234;198.100000000;20;9469040830;B
20240126;110234;198.100000000;10;9469040831;B
20240126;110234;198.100000000;480;9469040833;B
20240126;110234;198.100000000;10;9469040834;B
20240126;110234;198.100000000;10;9469040835;B
20240126;110234;198.100000000;10;9469040837;B
20240126;110234;198.100000000;10;9469040838;B
20240126;110234;198.100000000;10;9469040839;B
20240126;110234;198.100000000;10;9469040840;B
20240126;110234;198.100000000;10;9469040842;B
20240126;110234;198.100000000;10;9469040854;B
20240126;110234;198.100000000;30;9469040855;B
20240126;110234;198.100000000;10;9469040856;B
20240126;110234;198.100000000;10;9469040857;B
20240126;110234;198.100000000;10;9469040858;B
20240126;110234;198.100000000;20;9469040860;B
20240126;110234;198.100000000;10;9469040865;B
20240126;110234;198.100000000;20;9469040867;B
20240126;110235;198.100000000;20;9469040868;B
20240126;110235;198.100000000;10;9469040870;B
20240126;110235;198.100000000;20;9469040871;B
20240126;110235;198.100000000;20;9469040872;B
20240126;110235;198.100000000;10;9469040874;B
20240126;110235;198.100000000;20;9469040875;B
20240126;110235;198.100000000;10;9469040876;B
20240126;110235;198.100000000;10;9469040877;B
20240126;110235;198.100000000;10;9469040878;B
20240126;110235;198.100000000;10;9469040886;B
20240126;110235;198.100000000;20;9469040890;B
20240126;110235;198.100000000;10;9469040891;B
20240126;110235;198.100000000;20;9469040897;B
20240126;110235;198.100000000;10;9469040901;B
20240126;110235;198.100000000;70;9469040904;B
20240126;110235;198.100000000;30;9469040908;B
20240126;110235;198.100000000;10;9469040910;B
20240126;110235;198.100000000;10;9469040911;B
20240126;110235;198.100000000;20;9469040913;B
20240126;110235;198.100000000;10;9469040914;B
20240126;110235;198.100000000;10;9469040950;B
20240126;110235;198.100000000;10;9469040963;B
20240126;110235;198.100000000;50;9469040975;B
20240126;110235;198.100000000;10;9469040991;B
20240126;110235;198.100000000;10;9469040994;B
20240126;110235;198.100000000;10;9469040997;B
20240126;110235;198.100000000;10;9469041008;B
20240126;110235;198.100000000;40;9469041014;B
20240126;110235;198.100000000;10;9469041016;B
20240126;110235;198.100000000;30;9469041017;B
20240126;110235;198.100000000;10;9469041019;B
20240126;110235;198.100000000;10;9469041020;B
20240126;110236;198.100000000;10;9469041038;B
20240126;110236;198.100000000;10;9469041039;B
20240126;110236;198.100000000;20;9469041045;B
20240126;110236;198.100000000;40;9469041050;B
20240126;110236;198.100000000;10;9469041057;B
20240126;110236;198.100000000;10;9469041058;B
20240126;110236;198.100000000;10;9469041069;B
20240126;110236;198.100000000;40;9469041081;B
20240126;110236;198.100000000;30;9469041117;B
20240126;110236;198.100000000;490;9469041118;B
20240126;110236;198.100000000;10;9469041138;B
20240126;110236;198.100000000;10;9469041141;B
20240126;110236;198.100000000;10;9469041142;B
20240126;110236;198.100000000;10;9469041148;B
20240126;110236;198.100000000;10;9469041150;B
20240126;110236;198.100000000;10;9469041153;B
20240126;110236;198.100000000;10;9469041160;B
20240126;110236;198.100000000;10;9469041168;B
20240126;110237;198.100000000;40;9469041177;B
20240126;110237;198.100000000;70;9469041198;B
20240126;110237;198.100000000;90;9469041221;B
20240126;110237;198.100000000;10;9469041246;B
20240126;110237;198.100000000;30;9469041248;B
20240126;110237;198.100000000;10;9469041252;B
20240126;110237;198.100000000;20;9469041273;B
20240126;110238;198.100000000;20;9469041296;B
20240126;110238;198.100000000;10;9469041297;B
20240126;110238;198.100000000;30;9469041336;B
20240126;110238;198.100000000;10;9469041341;B
20240126;110238;198.100000000;10;9469041364;B
20240126;110238;198.100000000;40;9469041395;B
20240126;110239;198.100000000;10;9469041410;B
20240126;110239;198.100000000;10;9469041819;B
20240126;110239;198.100000000;10;9469041876;B
20240126;110240;198.100000000;10;9469041981;B
20240126;110240;198.100000000;10;9469042002;B
20240126;110243;198.100000000;10;9469042584;B
20240126;110245;198.070000000;90;9469042793;S
20240126;110245;198.070000000;430;9469042805;S
20240126;110245;198.060000000;70;9469042806;S
20240126;110247;198.070000000;260;9469042986;S
20240126;110247;198.060000000;10;9469042987;S
20240126;110247;198.060000000;500;9469042988;S
20240126;110247;198.050000000;50;9469042989;S
20240126;110247;198.030000000;500;9469042990;S
20240126;110247;198.010000000;120;9469042991;S
20240126;110247;198.000000000;30;9469042992;S
20240126;110247;198.000000000;180;9469042993;S
20240126;110247;197.980000000;1000;9469042994;S
20240126;110247;197.950000000;50;9469042995;S
20240126;110247;197.950000000;200;9469042996;S
20240126;110247;197.950000000;10;9469042997;S
20240126;110247;197.930000000;10;9469042998;S
20240126;110247;197.920000000;2290;9469042999;S
20240126;110247;197.870000000;200;9469043000;S
20240126;110247;197.870000000;80;9469043001;S
20240126;110247;197.860000000;250;9469043002;S
20240126;110247;197.850000000;330;9469043003;S
20240126;110247;197.840000000;470;9469043004;S
20240126;110248;197.850000000;10;9469043090;S
20240126;110251;197.840000000;50;9469043350;S
20240126;110258;197.900000000;200;9469044357;B
20240126;110258;197.900000000;180;9469044358;B
20240126;110258;197.910000000;120;9469044359;B
20240126;110302;197.990000000;30;9469044833;B
20240126;110308;197.990000000;10;9469045475;B
20240126;110309;197.980000000;570;9469045635;B
20240126;110309;197.990000000;140;9469045636;B
20240126;110309;197.990000000;550;9469045637;B
20240126;110309;198.000000000;200;9469045638;B
20240126;110321;198.020000000;50;9469047789;S
20240126;110321;198.080000000;10;9469047859;B
20240126;110322;198.080000000;90;9469048014;B
20240126;110325;198.080000000;10;9469048335;B
20240126;110325;198.080000000;10;9469048371;B
20240126;110329;198.080000000;10;9469048823;B
