<DATE>;<TIME>;<LAST>;<VOL>;<ID>;<OPER>
20240212;095941;199.390000000;10;9586032789;S
20240212;095941;199.390000000;10;9586032790;S
20240212;095941;199.390000000;10;9586032791;B
20240212;095941;199.390000000;10;9586032792;S
20240212;095941;199.390000000;10;9586032793;S
20240212;095941;199.390000000;30;9586032794;S
20240212;095941;199.390000000;50;9586032795;S
20240212;095941;199.390000000;40;9586032796;S
20240212;095941;199.390000000;10;9586032797;S
20240212;095941;199.390000000;40;9586032798;B
20240212;095941;199.390000000;20;9586032799;B
20240212;095941;199.390000000;10;9586032800;B
20240212;095941;199.390000000;130;9586032801;S
20240212;095941;199.390000000;10;9586032802;S
20240212;095941;199.390000000;100;9586032803;S
20240212;095941;199.390000000;80;9586032804;S
20240212;095941;199.390000000;30;9586032805;S
20240212;095941;199.390000000;10;9586032806;S
20240212;095941;199.390000000;30;9586032807;S
20240212;095941;199.390000000;10;9586032808;B
20240212;095941;199.390000000;10;9586032809;S
20240212;095941;199.390000000;10;9586032810;S
20240212;095941;199.390000000;60;9586032811;S
20240212;095941;199.390000000;10;9586032812;S
20240212;095941;199.390000000;10;9586032813;S
20240212;095941;199.390000000;10;9586032814;S
20240212;095941;199.390000000;280;9586032815;S
20240212;095941;199.390000000;150;9586032816;S
20240212;095941;199.390000000;200;9586032817;S
20240212;095941;199.390000000;30;9586032818;S
20240212;095941;199.390000000;30;9586032819;S
20240212;095941;199.390000000;30;9586032820;S
20240212;095941;199.390000000;30;9586032821;S
20240212;095941;199.390000000;30;9586032822;S
20240212;095941;199.390000000;10;9586032823;S
20240212;095941;199.390000000;30;9586032824;S
20240212;095941;199.390000000;30;9586032825;S
20240212;095941;199.390000000;30;9586032826;S
20240212;095941;199.390000000;30;9586032827;S
20240212;095941;199.390000000;30;9586032828;S
20240212;095941;199.390000000;30;9586032829;S
20240212;095941;199.390000000;30;9586032830;S
20240212;095941;199.390000000;30;9586032831;S
20240212;095941;199.390000000;30;9586032832;S
20240212;095941;199.390000000;30;9586032833;S
20240212;095941;199.390000000;30;9586032834;S
20240212;095941;199.390000000;1550;9586032835;S
20240212;095941;199.390000000;1010;9586032836;S
20240212;095941;199.390000000;10;9586032837;B
20240212;095941;199.390000000;30;9586032838;B
20240212;095941;199.390000000;50;9586032839;B
20240212;095941;199.390000000;10;9586032840;B
20240212;095941;199.390000000;10;9586032841;S
20240212;095941;199.390000000;800;9586032842;S
20240212;095941;199.390000000;430;9586032843;B
20240212;095941;199.390000000;100;9586032844;B
20240212;095941;199.390000000;10;9586032845;B
20240212;095941;199.390000000;10;9586032846;B
20240212;095941;199.390000000;10;9586032847;B
20240212;100000;199.390000000;220;9586038954;B
20240212;100000;199.390000000;110;9586038955;B
20240212;100000;199.390000000;410;9586038956;B
20240212;100000;199.380000000;10;9586039112;S
20240212;100001;199.450000000;20;9586039769;B
20240212;100001;199.450000000;10;9586039770;B
20240212;100001;199.490000000;10;9586039771;B
20240212;100001;199.500000000;10;9586039772;B
20240212;100001;199.500000000;10;9586039773;B
20240212;100001;199.550000000;10;9586039774;B
20240212;100001;199.570000000;10;9586039775;B
20240212;100001;199.600000000;10;9586039776;B
20240212;100001;199.630000000;250;9586039777;B
20240212;100001;199.650000000;10;9586039778;B
20240212;100001;199.680000000;10;9586039779;B
20240212;100001;199.680000000;1140;9586039780;B
20240212;100001;199.340000000;10;9586040171;S
20240212;100001;199.630000000;70;9586040271;B
20240212;100001;199.380000000;200;9586040456;S
20240212;100002;199.500000000;50;9586041350;S
20240212;100002;199.500000000;260;9586041351;S
20240212;100002;199.470000000;80;9586041352;S
20240212;100002;199.400000000;110;9586041353;S
20240212;100002;199.370000000;20;9586041782;S
20240212;100002;199.500000000;100;9586042052;B
20240212;100003;199.480000000;200;9586042227;B
20240212;100005;199.470000000;10;9586043941;B
20240212;100005;199.470000000;10;9586044213;B
20240212;100006;199.340000000;90;9586045182;S
20240212;100006;199.330000000;10;9586045183;S
20240212;100006;199.330000000;170;9586045184;S
20240212;100006;199.470000000;80;9586045624;B
20240212;100006;199.500000000;40;9586045625;B
20240212;100006;199.520000000;880;9586045626;B
20240212;100006;199.530000000;10;9586045634;B
20240212;100006;199.320000000;10;9586045642;S
20240212;100006;199.530000000;20;9586045652;B
20240212;100006;199.630000000;10;9586045659;B
20240212;100006;199.330000000;10;9586045665;S
20240212;100006;199.330000000;90;9586045704;S
20240212;100006;199.340000000;80;9586046592;S
20240212;100006;199.310000000;430;9586046593;S
20240212;100006;199.300000000;180;9586046594;S
20240212;100007;199.300000000;210;9586046937;S
20240212;100007;199.300000000;30;9586046938;S
20240212;100007;199.300000000;10;9586046942;S
20240212;100007;199.300000000;70;9586047351;S
20240212;100007;199.270000000;50;9586047352;S
20240212;100007;199.270000000;10;9586047513;S
20240212;100007;199.280000000;360;9586047923;S
20240212;100007;199.560000000;10;9586048238;B
20240212;100007;199.290000000;10;9586048239;S
20240212;100007;199.300000000;40;9586048298;S
20240212;100008;199.280000000;10;9586049639;S
20240212;100008;199.570000000;10;9586049647;B
20240212;100008;199.550000000;50;9586049842;B
20240212;100008;199.560000000;10;9586050355;B
20240212;100008;199.570000000;10;9586050360;B
20240212;100008;199.570000000;10;9586050406;B
20240212;100008;199.570000000;10;9586050409;B
20240212;100008;199.570000000;10;9586050411;B
20240212;100008;199.570000000;20;9586050413;B
20240212;100008;199.570000000;10;9586050432;B
20240212;100008;199.570000000;10;9586050434;B
20240212;100009;199.320000000;50;9586050935;S
20240212;100009;199.550000000;10;9586050946;B
20240212;100009;199.530000000;10;9586051020;B
20240212;100009;199.330000000;10;9586051689;S
20240212;100009;199.330000000;10;9586051695;S
20240212;100009;199.550000000;20;9586052679;B
20240212;100009;199.330000000;10;9586052692;S
20240212;100009;199.550000000;10;9586052698;B
20240212;100010;199.540000000;10;9586054029;B
20240212;100010;199.340000000;10;9586054031;S
20240212;100010;199.320000000;10;9586054517;S
20240212;100010;199.540000000;10;9586054518;B
20240212;100011;199.320000000;30;9586055108;S
20240212;100011;199.540000000;20;9586055347;B
20240212;100012;199.340000000;300;9586055994;S
20240212;100012;199.540000000;50;9586056038;B
20240212;100012;199.550000000;20;9586056039;B
20240212;100013;199.340000000;150;9586056227;S
20240212;100014;199.390000000;10;9586056764;S
20240212;100023;199.390000000;50;9586059056;S
20240212;100023;199.360000000;30;9586059057;S
20240212;100030;199.500000000;10;9586060787;B
20240212;100030;199.500000000;10;9586060788;B
20240212;100035;199.400000000;10;9586062185;S
20240212;100037;199.400000000;40;9586062634;S
20240212;100037;199.390000000;30;9586062635;S
20240212;100037;199.360000000;10;9586062636;S
20240212;100044;199.540000000;20;9586064143;B
20240212;100044;199.550000000;20;9586064144;B
20240212;100047;199.550000000;10;9586064842;B
20240212;100050;199.540000000;10;9586065630;B
20240212;100102;199.560000000;40;9586068046;B
20240212;100107;199.560000000;10;9586069078;B
20240212;100107;199.590000000;60;9586069079;B
20240212;100108;199.600000000;40;9586069150;S
20240212;100108;199.570000000;30;9586069151;S
20240212;100114;199.680000000;1760;9586070192;B
20240212;100114;199.690000000;670;9586070193;B
20240212;100114;199.700000000;10;9586070194;B
20240212;100114;199.700000000;30;9586070195;B
20240212;100114;199.700000000;790;9586070196;B
20240212;100114;199.710000000;4000;9586070197;B
20240212;100114;199.750000000;10;9586070198;B
20240212;100114;199.750000000;30;9586070199;B
20240212;100114;199.750000000;10;9586070200;B
20240212;100114;199.760000000;500;9586070201;B
20240212;100114;199.760000000;1400;9586070202;B
20240212;100114;199.770000000;790;9586070203;B
20240212;100129;199.690000000;10;9586072898;B
20240212;100129;199.780000000;20;9586072899;B
20240212;100129;199.780000000;10;9586072900;B
20240212;100129;199.800000000;10;9586072901;B
20240212;100129;199.800000000;950;9586072902;B
20240212;100139;199.800000000;30;9586075012;B
20240212;100141;199.620000000;10;9586075363;S
20240212;100141;199.790000000;10;9586075390;B
20240212;100141;199.800000000;30;9586075391;B
20240212;100141;199.610000000;30;9586075512;S
20240212;100145;199.790000000;150;9586076197;B
20240212;100146;199.640000000;10;9586076311;S
20240212;100154;199.790000000;150;9586077870;B
20240212;100154;199.800000000;450;9586077871;B
20240212;100203;199.670000000;10;9586079512;B
20240212;100204;199.710000000;100;9586079689;B
20240212;100204;199.710000000;10;9586079690;B
20240212;100204;199.760000000;20;9586079691;B
20240212;100204;199.790000000;150;9586079692;B
20240212;100204;199.800000000;210;9586079693;B
20240212;100206;199.680000000;180;9586080187;S
20240212;100206;199.670000000;40;9586080188;S
20240212;100206;199.670000000;10;9586080189;S
20240212;100206;199.670000000;10;9586080190;S
20240212;100206;199.650000000;50;9586080191;S
20240212;100206;199.620000000;70;9586080192;S
20240212;100206;199.590000000;50;9586080193;S
20240212;100206;199.580000000;50;9586080194;S
20240212;100206;199.580000000;10;9586080195;S
20240212;100206;199.580000000;1820;9586080196;S
20240212;100206;199.580000000;130;9586080197;S
20240212;100206;199.570000000;110;9586080198;S
20240212;100206;199.570000000;150;9586080199;S
20240212;100206;199.570000000;300;9586080200;S
20240212;100206;199.560000000;80;9586080201;S
20240212;100206;199.560000000;1130;9586080202;S
20240212;100206;199.550000000;290;9586080203;S
20240212;100206;199.690000000;10;9586080310;B
20240212;100206;199.570000000;30;9586080481;S
20240212;100207;199.710000000;60;9586080556;B
20240212;100207;199.690000000;180;9586080612;B
20240212;100209;199.590000000;180;9586080892;S
20240212;100209;199.570000000;180;9586080893;S
20240212;100209;199.560000000;80;9586080894;S
20240212;100209;199.560000000;550;9586080895;S
20240212;100209;199.550000000;1510;9586080896;S
20240212;100214;199.570000000;10;9586081783;B
20240212;100214;199.630000000;40;9586081784;B
20240212;100214;199.550000000;200;9586081816;S
20240212;100214;199.550000000;50;9586081817;S
20240212;100214;199.550000000;10;9586081818;S
20240212;100214;199.520000000;80;9586081819;S
20240212;100216;199.590000000;180;9586082328;B
20240212;100216;199.600000000;80;9586082329;B
20240212;100216;199.630000000;40;9586082330;B
20240212;100218;199.480000000;10;9586082795;S
20240212;100218;199.450000000;10;9586082796;S
20240212;100218;199.450000000;10;9586082797;S
20240212;100218;199.450000000;10;9586082860;S
20240212;100218;199.460000000;10;9586082911;S
20240212;100218;199.470000000;20;9586083033;S
20240212;100218;199.460000000;20;9586083034;S
20240212;100219;199.430000000;10;9586083200;S
20240212;100221;199.430000000;10;9586083486;S
20240212;100221;199.440000000;160;9586083569;S
20240212;100225;199.550000000;10;9586084327;B
20240212;100226;199.540000000;10;9586084410;B
20240212;100226;199.440000000;40;9586084463;S
20240212;100226;199.430000000;10;9586084464;S
20240212;100228;199.440000000;20;9586084730;S
20240212;100229;199.440000000;10;9586084833;S
20240212;100232;199.420000000;40;9586085345;S
20240212;100235;199.480000000;50;9586085880;B
20240212;100237;199.420000000;10;9586086317;S
20240212;100238;199.420000000;10;9586086500;S
20240212;100239;199.480000000;10;9586086605;B
20240212;100245;199.540000000;180;9586087792;B
20240212;100245;199.540000000;510;9586087793;B
20240212;100247;199.440000000;50;9586088018;S
20240212;100256;199.530000000;50;9586090367;B
20240212;100256;199.530000000;10;9586090494;B
20240212;100256;199.550000000;30;9586090495;B
20240212;100256;199.550000000;30;9586090496;B
20240212;100256;199.460000000;20;9586090503;S
20240212;100302;199.460000000;160;9586091563;S
20240212;100302;199.450000000;10;9586091564;S
20240212;100305;199.450000000;110;9586092158;B
20240212;100305;199.460000000;150;9586092159;B
20240212;100307;199.540000000;10;9586092605;B
20240212;100308;199.480000000;10;9586092860;S
20240212;100312;199.540000000;20;9586093845;B
20240212;100317;199.540000000;70;9586094915;B
20240212;100317;199.560000000;180;9586094916;B
20240212;100317;199.570000000;80;9586094917;B
20240212;100317;199.580000000;670;9586094918;B
20240212;100324;199.600000000;250;9586096053;B
20240212;100326;199.600000000;10;9586096286;B
20240212;100326;199.520000000;30;9586096349;S
20240212;100330;199.600000000;10;9586097156;B
20240212;100339;199.600000000;10;9586098573;B
20240212;100342;199.530000000;80;9586099101;S
20240212;100342;199.520000000;150;9586099102;S
20240212;100342;199.520000000;20;9586099103;S
20240212;100342;199.510000000;180;9586099104;S
20240212;100342;199.510000000;10;9586099105;S
20240212;100342;199.500000000;50;9586099106;S
20240212;100342;199.500000000;10;9586099107;S
20240212;100342;199.500000000;50;9586099108;S
20240212;100342;199.480000000;50;9586099109;S
20240212;100342;199.460000000;400;9586099110;S
20240212;100346;199.540000000;10;9586099781;B
20240212;100347;199.540000000;170;9586100149;B
20240212;100347;199.560000000;30;9586100150;B
20240212;100354;199.570000000;30;9586101667;B
20240212;100355;199.570000000;10;9586101786;B
20240212;100359;199.590000000;80;9586102512;B
20240212;100359;199.600000000;50;9586102513;B
20240212;100359;199.600000000;150;9586102514;B
20240212;100359;199.600000000;150;9586102515;B
20240212;100359;199.630000000;1000;9586102516;B
20240212;100359;199.660000000;820;9586102517;B
20240212;100359;199.670000000;500;9586102518;B
20240212;100359;199.680000000;100;9586102519;B
20240212;100359;199.690000000;30;9586102520;B
20240212;100359;199.730000000;1680;9586102521;B
20240212;100359;199.730000000;300;9586102522;B
20240212;100359;199.740000000;1140;9586102523;B
20240212;100400;199.640000000;10;9586102730;S
20240212;100405;199.650000000;80;9586103503;S
20240212;100405;199.640000000;170;9586103504;S
20240212;100405;199.630000000;10;9586103505;S
20240212;100405;199.600000000;350;9586103506;S
20240212;100405;199.590000000;1820;9586103507;S
20240212;100405;199.580000000;2000;9586103508;S
20240212;100405;199.560000000;10;9586103509;S
20240212;100405;199.560000000;1020;9586103510;S
20240212;100405;199.550000000;500;9586103511;S
20240212;100405;199.550000000;30;9586103512;B
20240212;100405;199.550000000;520;9586103513;B
20240212;100405;199.550000000;60;9586103597;S
20240212;100407;199.640000000;10;9586104120;B
20240212;100412;199.640000000;10;9586105006;B
20240212;100416;199.560000000;10;9586105682;S
20240212;100417;199.600000000;10;9586105847;S
20240212;100417;199.600000000;90;9586105997;S
20240212;100417;199.590000000;80;9586105998;S
20240212;100417;199.540000000;210;9586105999;S
20240212;100417;199.540000000;10;9586106000;S
20240212;100417;199.520000000;20;9586106001;S
20240212;100417;199.520000000;10;9586106002;S
20240212;100417;199.500000000;280;9586106003;S
20240212;100417;199.500000000;180;9586106004;S
20240212;100417;199.470000000;60;9586106005;S
20240212;100417;199.460000000;310;9586106006;S
20240212;100417;199.620000000;170;9586106033;B
20240212;100423;199.610000000;180;9586106903;B
20240212;100423;199.620000000;70;9586106904;B
20240212;100426;199.620000000;50;9586107491;B
20240212;100426;199.620000000;40;9586107492;B
20240212;100430;199.620000000;10;9586108087;B
20240212;100430;199.650000000;10;9586108088;B
20240212;100430;199.650000000;70;9586108089;B
20240212;100430;199.660000000;160;9586108090;B
20240212;100432;199.540000000;50;9586108636;S
20240212;100434;199.630000000;10;9586109052;B
20240212;100437;199.550000000;10;9586109515;S
20240212;100444;199.550000000;50;9586110605;S
20240212;100444;199.540000000;100;9586110606;S
20240212;100502;199.600000000;10;9586113749;B
20240212;100502;199.600000000;10;9586113790;B
20240212;100510;199.600000000;40;9586114925;B
20240212;100510;199.600000000;60;9586114926;S
20240212;100517;199.610000000;100;9586116158;B
20240212;100525;199.610000000;20;9586117349;B
20240212;100525;199.610000000;70;9586117350;B
20240212;100525;199.620000000;40;9586117351;B
20240212;100525;199.620000000;10;9586117352;B
20240212;100525;199.620000000;10;9586117353;B
20240212;100531;199.620000000;50;9586118634;S
20240212;100531;199.610000000;10;9586118635;S
20240212;100531;199.610000000;10;9586118636;S
20240212;100532;199.600000000;20;9586118819;S
20240212;100534;199.600000000;30;9586119139;B
20240212;100536;199.600000000;30;9586119432;B
20240212;100536;199.630000000;70;9586119563;B
20240212;100536;199.630000000;30;9586119564;B
20240212;100545;199.630000000;10;9586120846;B
20240212;100548;199.620000000;30;9586121378;B
20240212;100553;199.660000000;400;9586122121;B
20240212;100553;199.670000000;20;9586122174;B
20240212;100557;199.670000000;10;9586123038;B
20240212;100558;199.670000000;170;9586123197;B
20240212;100558;199.670000000;250;9586123198;B
20240212;100558;199.670000000;280;9586123199;B
20240212;100602;199.670000000;150;9586123721;B
20240212;100602;199.670000000;10;9586123745;B
20240212;100602;199.670000000;10;9586123781;B
20240212;100603;199.670000000;30;9586124035;B
20240212;100604;199.670000000;20;9586124177;B
20240212;100604;199.670000000;10;9586124178;B
20240212;100604;199.670000000;10;9586124179;B
20240212;100604;199.690000000;10;9586124180;B
20240212;100604;199.700000000;20;9586124181;B
20240212;100604;199.700000000;10;9586124182;B
20240212;100605;199.700000000;90;9586124408;B
20240212;100606;199.720000000;200;9586124472;B
20240212;100606;199.720000000;30;9586124473;B
20240212;100606;199.700000000;30;9586124506;S
20240212;100606;199.700000000;30;9586124507;S
20240212;100611;199.700000000;10;9586125394;B
20240212;100611;199.660000000;100;9586125495;S
20240212;100613;199.660000000;150;9586125838;S
20240212;100613;199.660000000;10;9586125876;S
20240212;100617;199.700000000;60;9586126586;B
20240212;100617;199.700000000;10;9586126587;B
20240212;100617;199.720000000;100;9586126588;B
20240212;100617;199.720000000;1040;9586126589;B
20240212;100617;199.730000000;670;9586126590;B
20240212;100617;199.730000000;80;9586126591;B
20240212;100617;199.740000000;40;9586126592;B
20240212;100624;199.740000000;10;9586127920;B
20240212;100624;199.710000000;100;9586127927;S
20240212;100628;199.710000000;20;9586128637;S
20240212;100628;199.720000000;30;9586128799;S
20240212;100628;199.710000000;190;9586128800;S
20240212;100629;199.740000000;630;9586128940;B
20240212;100629;199.740000000;30;9586128941;B
20240212;100629;199.740000000;100;9586128942;B
20240212;100629;199.740000000;10;9586128943;B
20240212;100633;199.760000000;10;9586129594;B
20240212;100633;199.760000000;10;9586129756;B
20240212;100634;199.760000000;10;9586129833;B
20240212;100634;199.760000000;70;9586129890;B
20240212;100635;199.750000000;10;9586130063;S
20240212;100635;199.770000000;150;9586130064;B
20240212;100640;199.780000000;10;9586130741;B
20240212;100643;199.780000000;10;9586131213;B
20240212;100644;199.780000000;140;9586131452;B
20240212;100646;199.750000000;20;9586131785;S
20240212;100651;199.770000000;20;9586132723;B
20240212;100652;199.780000000;10;9586132742;B
20240212;100652;199.770000000;10;9586132820;S
20240212;100654;199.780000000;10;9586133040;B
20240212;100655;199.770000000;10;9586133161;S
20240212;100656;199.780000000;30;9586133479;B
20240212;100656;199.780000000;80;9586133480;B
20240212;100656;199.780000000;140;9586133481;B
20240212;100656;199.790000000;100;9586133482;B
20240212;100656;199.790000000;80;9586133483;B
20240212;100657;199.790000000;10;9586133660;B
20240212;100701;199.780000000;20;9586134169;B
20240212;100702;199.770000000;10;9586134287;S
20240212;100702;199.770000000;10;9586134336;S
20240212;100704;199.780000000;80;9586134624;B
20240212;100704;199.780000000;80;9586134625;B
20240212;100704;199.790000000;120;9586134626;B
20240212;100706;199.770000000;90;9586134946;S
20240212;100706;199.770000000;10;9586134947;S
20240212;100706;199.770000000;20;9586134948;S
20240212;100706;199.750000000;180;9586134949;S
20240212;100706;199.780000000;10;9586135023;B
20240212;100708;199.770000000;30;9586135265;S
20240212;100708;199.780000000;10;9586135424;B
20240212;100710;199.770000000;20;9586135699;S
20240212;100712;199.760000000;20;9586135900;S
20240212;100712;199.760000000;80;9586135901;S
20240212;100712;199.750000000;190;9586135902;S
20240212;100713;199.750000000;40;9586136145;S
20240212;100720;199.780000000;20;9586137255;B
20240212;100721;199.780000000;30;9586137402;B
20240212;100721;199.780000000;80;9586137403;B
20240212;100721;199.780000000;60;9586137404;B
20240212;100721;199.780000000;260;9586137405;B
20240212;100721;199.780000000;330;9586137406;S
20240212;100725;199.780000000;240;9586138084;S
20240212;100725;199.780000000;10;9586138085;S
20240212;100725;199.760000000;10;9586138086;S
20240212;100725;199.780000000;10;9586138133;B
20240212;100725;199.780000000;70;9586138137;B
20240212;100725;199.780000000;10;9586138138;B
20240212;100728;199.750000000;1000;9586138419;S
20240212;100731;199.770000000;80;9586139002;B
20240212;100731;199.780000000;20;9586139003;B
20240212;100734;199.750000000;10;9586139319;S
20240212;100735;199.770000000;10;9586139556;B
20240212;100738;199.770000000;80;9586139991;B
20240212;100738;199.780000000;20;9586139992;B
20240212;100740;199.750000000;450;9586140249;S
20240212;100740;199.750000000;10;9586140250;S
20240212;100740;199.750000000;20;9586140251;S
20240212;100740;199.750000000;60;9586140252;S
20240212;100742;199.750000000;10;9586140582;S
20240212;100742;199.750000000;40;9586140583;S
20240212;100742;199.740000000;10;9586140584;S
20240212;100743;199.750000000;70;9586140647;B
20240212;100745;199.750000000;20;9586141174;B
20240212;100746;199.730000000;10;9586141293;S
20240212;100747;199.750000000;10;9586141587;B
20240212;100748;199.750000000;10;9586141643;B
20240212;100749;199.750000000;10;9586141785;B
20240212;100749;199.730000000;10;9586141798;S
20240212;100750;199.750000000;250;9586141925;B
20240212;100753;199.750000000;20;9586142299;B
20240212;100753;199.730000000;20;9586142400;S
20240212;100755;199.730000000;10;9586142560;S
20240212;100756;199.730000000;450;9586142738;S
20240212;100756;199.710000000;10;9586142739;S
20240212;100756;199.710000000;10;9586142740;S
20240212;100756;199.710000000;80;9586142741;S
20240212;100756;199.700000000;10;9586142742;S
20240212;100756;199.700000000;180;9586142743;S
20240212;100756;199.700000000;400;9586142744;S
20240212;100756;199.690000000;10;9586142745;S
20240212;100756;199.650000000;30;9586142746;S
20240212;100756;199.650000000;160;9586142747;S
20240212;100804;199.730000000;80;9586144132;B
20240212;100804;199.730000000;10;9586144133;B
20240212;100804;199.730000000;10;9586144134;B
20240212;100809;199.650000000;10;9586144888;S
20240212;100813;199.650000000;30;9586145400;S
20240212;100813;199.650000000;10;9586145413;S
20240212;100816;199.640000000;10;9586145953;S
20240212;100818;199.660000000;50;9586146348;B
20240212;100820;199.640000000;30;9586146679;S
20240212;100820;199.640000000;10;9586146680;S
20240212;100820;199.630000000;200;9586146724;S
20240212;100820;199.630000000;10;9586146725;S
20240212;100822;199.640000000;20;9586147000;B
20240212;100826;199.610000000;20;9586147812;S
20240212;100826;199.610000000;10;9586147813;S
20240212;100828;199.600000000;1000;9586148096;S
20240212;100828;199.600000000;20;9586148097;S
20240212;100828;199.560000000;80;9586148098;S
20240212;100828;199.550000000;20;9586148099;S
20240212;100828;199.550000000;10;9586148100;S
20240212;100828;199.540000000;50;9586148101;S
20240212;100828;199.540000000;100;9586148102;S
20240212;100828;199.530000000;30;9586148103;S
20240212;100828;199.530000000;180;9586148104;S
20240212;100828;199.520000000;20;9586148105;S
20240212;100828;199.500000000;80;9586148106;S
20240212;100828;199.500000000;60;9586148107;S
20240212;100828;199.500000000;20;9586148108;S
20240212;100828;199.500000000;10;9586148109;S
20240212;100828;199.500000000;10;9586148110;S
20240212;100828;199.500000000;200;9586148111;S
20240212;100828;199.500000000;10;9586148112;S
20240212;100828;199.500000000;10;9586148113;S
20240212;100828;199.480000000;10;9586148114;S
20240212;100828;199.480000000;10;9586148115;S
20240212;100828;199.470000000;20;9586148127;S
20240212;100828;199.470000000;10;9586148212;S
20240212;100828;199.460000000;10;9586148213;S
20240212;100829;199.460000000;70;9586148332;S
20240212;100829;199.460000000;30;9586148333;S
20240212;100831;199.450000000;20;9586148576;S
20240212;100832;199.490000000;80;9586148717;B
20240212;100832;199.490000000;920;9586148718;B
20240212;100833;199.490000000;10;9586148746;B
20240212;100838;199.480000000;40;9586149478;B
20240212;100840;199.450000000;10;9586149651;S
20240212;100840;199.450000000;30;9586149652;S
20240212;100840;199.440000000;500;9586149653;S
20240212;100840;199.430000000;80;9586149654;S
20240212;100840;199.420000000;50;9586149655;S
20240212;100840;199.410000000;20;9586149656;S
20240212;100840;199.410000000;30;9586149658;B
20240212;100840;199.400000000;10;9586149659;S
20240212;100840;199.400000000;70;9586149660;S
20240212;100841;199.400000000;30;9586149985;S
20240212;100841;199.400000000;30;9586149986;S
20240212;100842;199.400000000;500;9586150088;S
20240212;100845;199.400000000;20;9586150508;S
20240212;100846;199.400000000;10;9586150637;S
20240212;100848;199.400000000;440;9586150835;S
20240212;100848;199.400000000;10;9586150836;S
20240212;100848;199.400000000;10;9586150837;S
20240212;100848;199.390000000;40;9586150838;S
20240212;100848;199.390000000;10;9586150839;S
20240212;100848;199.390000000;40;9586150840;S
20240212;100848;199.390000000;280;9586150841;S
20240212;100848;199.380000000;10;9586150842;S
20240212;100853;199.380000000;30;9586151526;S
20240212;100853;199.380000000;10;9586151527;S
20240212;100853;199.340000000;30;9586151528;S
20240212;100853;199.330000000;80;9586151529;S
20240212;100853;199.320000000;30;9586151530;S
20240212;100853;199.290000000;10;9586151531;S
20240212;100853;199.270000000;370;9586151532;S
20240212;100853;199.260000000;60;9586151533;S
20240212;100853;199.260000000;30;9586151534;S
20240212;100853;199.250000000;100;9586151535;S
20240212;100853;199.250000000;180;9586151536;S
20240212;100853;199.220000000;600;9586151537;S
20240212;100853;199.220000000;200;9586151538;S
20240212;100853;199.210000000;10;9586151539;S
20240212;100853;199.210000000;760;9586151540;S
20240212;100853;199.220000000;60;9586151617;S
20240212;100857;199.230000000;30;9586152214;S
20240212;100859;199.300000000;10;9586152534;B
20240212;100900;199.310000000;10;9586152603;B
20240212;100901;199.230000000;50;9586152821;S
20240212;100903;199.240000000;100;9586153076;S
20240212;100904;199.300000000;80;9586153218;B
20240212;100904;199.310000000;70;9586153219;B
20240212;100904;199.240000000;10;9586153228;S
20240212;100904;199.230000000;90;9586153229;S
20240212;100904;199.230000000;100;9586153235;S
20240212;100904;199.230000000;100;9586153245;S
20240212;100904;199.230000000;30;9586153257;S
20240212;100904;199.230000000;10;9586153258;S
20240212;100904;199.230000000;10;9586153259;S
20240212;100905;199.200000000;50;9586153274;S
20240212;100905;199.170000000;20;9586153275;S
20240212;100905;199.170000000;30;9586153276;B
20240212;100905;199.160000000;50;9586153277;S
20240212;100905;199.250000000;180;9586153326;B
20240212;100905;199.260000000;70;9586153327;B
20240212;100905;199.280000000;250;9586153328;B
20240212;100905;199.180000000;30;9586153365;B
20240212;100906;199.180000000;10;9586153429;B
20240212;100908;199.160000000;30;9586153804;S
20240212;100908;199.160000000;70;9586153805;S
20240212;100908;199.150000000;10;9586153815;S
20240212;100908;199.160000000;30;9586153861;S
20240212;100914;199.140000000;70;9586154666;S
20240212;100914;199.140000000;330;9586154667;S
20240212;100916;199.160000000;720;9586154948;S
20240212;100916;199.150000000;370;9586154949;S
20240212;100916;199.150000000;70;9586154950;S
20240212;100923;199.140000000;10;9586155960;B
20240212;100924;199.140000000;390;9586156116;B
20240212;100925;199.140000000;10;9586156248;B
20240212;100929;199.130000000;50;9586156848;S
20240212;100929;199.140000000;80;9586156899;B
20240212;100929;199.150000000;150;9586156900;B
20240212;100929;199.140000000;30;9586156933;S
20240212;100931;199.150000000;10;9586157215;B
20240212;100932;199.150000000;250;9586157308;B
20240212;100934;199.150000000;20;9586157506;B
20240212;100936;199.150000000;30;9586157887;B
20240212;100940;199.150000000;10;9586158370;B
20240212;100941;199.150000000;10;9586158532;B
20240212;100944;199.150000000;10;9586159052;B
20240212;100945;199.140000000;10;9586159148;S
20240212;100946;199.150000000;10;9586159308;B
20240212;100947;199.150000000;80;9586159423;B
20240212;100952;199.150000000;20;9586159972;B
20240212;100952;199.150000000;10;9586160013;B
20240212;100954;199.150000000;10;9586160430;B
20240212;100956;199.150000000;10;9586160716;B
20240212;100956;199.150000000;10;9586160775;B
20240212;100956;199.150000000;40;9586160776;B
20240212;100956;199.210000000;20;9586160809;B
20240212;101003;199.210000000;160;9586161921;B
20240212;101003;199.210000000;140;9586161922;B
20240212;101003;199.200000000;150;9586161951;S
20240212;101004;199.210000000;470;9586162100;B
20240212;101005;199.210000000;10;9586162190;B
20240212;101005;199.200000000;410;9586162230;S
20240212;101005;199.190000000;10;9586162231;S
20240212;101005;199.170000000;360;9586162232;S
20240212;101005;199.170000000;310;9586162233;S
20240212;101005;199.150000000;40;9586162234;S
20240212;101005;199.150000000;500;9586162235;S
20240212;101005;199.140000000;40;9586162236;S
20240212;101005;199.130000000;820;9586162237;S
20240212;101005;199.120000000;30;9586162238;S
20240212;101005;199.120000000;10;9586162239;S
20240212;101005;199.120000000;150;9586162240;S
20240212;101005;199.120000000;600;9586162241;S
20240212;101005;199.110000000;250;9586162242;S
20240212;101005;199.110000000;180;9586162243;S
20240212;101005;199.100000000;1900;9586162244;S
20240212;101008;199.210000000;10;9586162882;B
20240212;101011;199.210000000;30;9586163262;B
20240212;101011;199.210000000;10;9586163284;B
20240212;101013;199.200000000;40;9586163625;B
20240212;101016;199.210000000;10;9586163879;B
20240212;101017;199.160000000;10;9586164011;S
20240212;101019;199.160000000;100;9586164303;S
20240212;101029;199.210000000;20;9586165435;B
20240212;101033;199.210000000;10;9586166073;B
20240212;101041;199.210000000;10;9586167071;B
20240212;101042;199.160000000;500;9586167293;S
20240212;101042;199.150000000;80;9586167294;S
20240212;101042;199.130000000;180;9586167295;S
20240212;101042;199.120000000;610;9586167296;S
20240212;101048;199.210000000;730;9586168134;B
20240212;101048;199.210000000;50;9586168135;B
20240212;101048;199.210000000;180;9586168136;B
20240212;101048;199.210000000;90;9586168137;B
20240212;101050;199.220000000;10;9586168448;B
20240212;101053;199.210000000;10;9586168736;S
20240212;101100;199.210000000;200;9586169723;S
20240212;101100;199.210000000;10;9586169754;S
20240212;101100;199.220000000;1030;9586169756;B
20240212;101101;199.210000000;150;9586169854;S
20240212;101105;199.220000000;10;9586170352;B
20240212;101105;199.210000000;10;9586170421;S
20240212;101108;199.210000000;30;9586170758;S
20240212;101108;199.210000000;10;9586170789;S
20240212;101109;199.220000000;10;9586170878;B
20240212;101110;199.210000000;290;9586170938;S
20240212;101111;199.210000000;200;9586171173;S
20240212;101112;199.210000000;20;9586171263;S
20240212;101113;199.220000000;20;9586171434;B
20240212;101114;199.210000000;10;9586171527;S
20240212;101120;199.220000000;10;9586172249;B
20240212;101128;199.220000000;10;9586173403;B
20240212;101130;199.220000000;20;9586173594;B
20240212;101130;199.210000000;1750;9586173605;S
20240212;101130;199.210000000;250;9586173606;S
20240212;101131;199.220000000;10;9586173753;B
20240212;101131;199.220000000;30;9586173765;B
20240212;101132;199.220000000;30;9586173813;B
20240212;101132;199.220000000;30;9586173866;B
20240212;101132;199.220000000;30;9586173893;B
20240212;101133;199.220000000;30;9586173954;B
20240212;101135;199.220000000;30;9586174288;B
20240212;101137;199.220000000;1000;9586174474;B
20240212;101142;199.210000000;130;9586175094;S
20240212;101144;199.210000000;10;9586175292;S
20240212;101149;199.210000000;30;9586175917;S
20240212;101149;199.210000000;30;9586175939;S
20240212;101152;199.210000000;100;9586176279;S
20240212;101152;199.210000000;200;9586176305;S
20240212;101153;199.210000000;50;9586176443;S
20240212;101154;199.220000000;30;9586176527;B
20240212;101158;199.210000000;10;9586177100;S
20240212;101159;199.220000000;30;9586177212;B
20240212;101159;199.220000000;240;9586177218;B
20240212;101200;199.210000000;130;9586177431;S
20240212;101201;199.220000000;50;9586177529;B
20240212;101206;199.220000000;250;9586178247;B
20240212;101209;199.220000000;100;9586178822;B
20240212;101211;199.210000000;40;9586179119;S
20240212;101212;199.210000000;10;9586179320;S
20240212;101212;199.220000000;10;9586179337;B
20240212;101217;199.210000000;1890;9586180030;S
20240212;101217;199.210000000;10;9586180031;S
20240212;101217;199.210000000;30;9586180032;S
20240212;101217;199.210000000;160;9586180033;S
20240212;101217;199.210000000;150;9586180034;S
20240212;101217;199.200000000;10;9586180035;S
20240212;101217;199.200000000;910;9586180036;S
20240212;101223;199.220000000;10;9586180870;B
20240212;101224;199.210000000;30;9586180941;S
20240212;101226;199.220000000;30;9586181247;B
20240212;101226;199.210000000;150;9586181284;S
20240212;101227;199.220000000;40;9586181436;B
20240212;101229;199.220000000;900;9586181629;B
20240212;101229;199.220000000;290;9586181630;B
20240212;101230;199.220000000;130;9586181723;B
20240212;101230;199.220000000;90;9586181835;B
20240212;101230;199.220000000;10;9586181836;B
20240212;101230;199.220000000;40;9586181837;B
20240212;101230;199.220000000;220;9586181848;B
20240212;101230;199.220000000;10;9586181849;B
20240212;101235;199.330000000;10;9586182449;B
20240212;101251;199.280000000;10;9586184564;S
20240212;101251;199.280000000;10;9586184565;S
20240212;101253;199.300000000;10;9586184708;B
20240212;101253;199.300000000;10;9586184732;B
20240212;101255;199.300000000;10;9586184935;B
20240212;101259;199.300000000;10;9586185466;B
20240212;101313;199.290000000;10;9586187014;B
20240212;101313;199.280000000;20;9586187023;S
20240212;101313;199.270000000;10;9586187024;S
20240212;101313;199.270000000;60;9586187025;S
20240212;101313;199.260000000;10;9586187026;S
20240212;101313;199.250000000;10;9586187027;S
20240212;101313;199.240000000;60;9586187028;S
20240212;101313;199.240000000;180;9586187029;S
20240212;101313;199.210000000;60;9586187030;S
20240212;101313;199.210000000;10;9586187031;S
20240212;101313;199.210000000;130;9586187032;S
20240212;101313;199.200000000;90;9586187033;S
20240212;101313;199.200000000;450;9586187034;S
20240212;101313;199.200000000;10;9586187035;S
20240212;101313;199.200000000;1000;9586187036;S
20240212;101313;199.140000000;50;9586187037;S
20240212;101313;199.130000000;90;9586187038;S
20240212;101313;199.120000000;160;9586187039;S
20240212;101313;199.120000000;300;9586187040;S
20240212;101313;199.110000000;1820;9586187041;S
20240212;101313;199.110000000;1510;9586187042;S
20240212;101313;199.100000000;600;9586187043;S
20240212;101313;199.100000000;10;9586187044;S
20240212;101313;199.100000000;250;9586187045;S
20240212;101313;199.100000000;10;9586187046;S
20240212;101313;199.090000000;10;9586187047;S
20240212;101313;199.080000000;1000;9586187048;S
20240212;101313;199.070000000;10;9586187049;S
20240212;101313;199.060000000;140;9586187050;S
20240212;101313;199.060000000;10;9586187051;S
20240212;101313;199.050000000;20;9586187052;S
20240212;101313;199.050000000;10;9586187053;S
20240212;101313;199.030000000;10;9586187054;S
20240212;101313;199.030000000;10;9586187055;S
20240212;101313;199.030000000;100;9586187056;S
20240212;101313;199.030000000;500;9586187057;S
20240212;101313;199.020000000;20;9586187058;S
20240212;101313;199.020000000;30;9586187059;S
20240212;101313;199.010000000;10000;9586187060;S
20240212;101313;199.000000000;10;9586187061;S
20240212;101313;199.000000000;10;9586187062;S
20240212;101313;199.000000000;30;9586187063;S
20240212;101313;199.000000000;20;9586187064;S
20240212;101313;199.000000000;3810;9586187065;S
20240212;101313;199.000000000;30;9586187066;S
20240212;101313;199.000000000;100;9586187067;S
20240212;101313;199.000000000;10;9586187068;S
20240212;101313;199.000000000;300;9586187069;S
20240212;101313;199.000000000;190;9586187070;S
20240212;101313;199.000000000;10;9586187071;S
20240212;101313;199.000000000;250;9586187072;S
20240212;101313;199.000000000;10;9586187073;S
20240212;101313;199.000000000;10;9586187074;S
20240212;101313;199.000000000;60;9586187075;S
20240212;101313;199.000000000;50;9586187076;S
20240212;101313;199.000000000;10;9586187077;S
20240212;101313;199.000000000;50;9586187078;S
20240212;101313;199.000000000;20;9586187079;S
20240212;101313;198.990000000;200;9586187080;S
20240212;101313;198.990000000;400;9586187081;S
20240212;101313;198.990000000;10;9586187082;S
20240212;101313;198.990000000;20;9586187083;S
20240212;101313;198.990000000;10;9586187084;S
20240212;101313;198.990000000;50;9586187085;S
20240212;101313;198.990000000;20;9586187086;S
20240212;101313;198.990000000;10;9586187087;S
20240212;101313;198.990000000;50;9586187088;S
20240212;101313;198.990000000;30;9586187089;S
20240212;101313;198.990000000;100;9586187090;S
20240212;101313;198.990000000;10;9586187091;S
20240212;101313;198.990000000;200;9586187092;S
20240212;101313;198.990000000;20;9586187093;S
20240212;101313;198.990000000;80;9586187094;S
20240212;101313;198.990000000;20;9586187095;S
20240212;101313;198.990000000;30;9586187096;S
20240212;101313;198.990000000;100;9586187097;S
20240212;101313;198.990000000;50;9586187098;S
20240212;101313;198.990000000;10;9586187099;S
20240212;101313;198.990000000;20;9586187100;S
20240212;101313;198.990000000;100;9586187101;S
20240212;101313;198.990000000;100;9586187102;S
20240212;101313;198.990000000;10;9586187103;S
20240212;101313;198.990000000;50;9586187104;S
20240212;101313;198.990000000;5010;9586187105;S
20240212;101313;198.990000000;50;9586187106;S
20240212;101313;198.980000000;20;9586187107;S
20240212;101313;198.980000000;10;9586187108;S
20240212;101313;198.960000000;5000;9586187109;S
20240212;101313;198.900000000;10;9586187110;S
20240212;101313;198.900000000;10;9586187111;S
20240212;101313;198.880000000;3500;9586187112;S
20240212;101313;198.870000000;500;9586187113;S
20240212;101313;198.870000000;30;9586187114;S
20240212;101313;198.870000000;30;9586187115;S
20240212;101313;198.870000000;30;9586187116;S
20240212;101313;198.850000000;100;9586187117;S
20240212;101313;198.850000000;250;9586187118;S
20240212;101314;198.990000000;10;9586187151;S
20240212;101314;198.960000000;20;9586187152;S
20240212;101314;199.000000000;20;9586187179;S
20240212;101314;199.000000000;10;9586187194;B
20240212;101314;199.070000000;80;9586187195;B
20240212;101314;199.080000000;40;9586187196;B
20240212;101315;199.040000000;20;9586187314;B
20240212;101319;199.030000000;40;9586187765;S
20240212;101319;199.030000000;80;9586187766;S
20240212;101321;199.040000000;150;9586188041;B
20240212;101322;199.000000000;10;9586188171;S
20240212;101322;198.950000000;30;9586188172;S
20240212;101322;198.950000000;180;9586188173;S
20240212;101322;198.920000000;160;9586188174;S
20240212;101322;198.950000000;20;9586188181;S
20240212;101325;199.040000000;10;9586188605;S
20240212;101328;199.040000000;20;9586188991;B
20240212;101330;199.040000000;70;9586189178;B
20240212;101333;198.930000000;50;9586189556;S
20240212;101333;198.930000000;80;9586189584;S
20240212;101347;199.000000000;10;9586191374;B
20240212;101348;199.000000000;10;9586191449;B
20240212;101350;198.960000000;10;9586191667;S
20240212;101350;198.940000000;50;9586191668;S
20240212;101350;198.940000000;10;9586191669;S
20240212;101350;198.940000000;80;9586191670;S
20240212;101353;198.940000000;20;9586192116;S
20240212;101354;198.970000000;10;9586192146;B
20240212;101355;198.930000000;200;9586192254;S
20240212;101403;198.970000000;10;9586193321;B
20240212;101406;198.980000000;40;9586193640;B
20240212;101406;198.980000000;50;9586193641;B
20240212;101406;198.980000000;90;9586193642;B
20240212;101406;198.980000000;20;9586193668;S
20240212;101411;199.000000000;50;9586194271;B
20240212;101412;199.000000000;10;9586194345;B
20240212;101414;198.990000000;10;9586194703;S
20240212;101415;199.000000000;620;9586194809;B
20240212;101415;199.000000000;10;9586194810;B
20240212;101417;199.040000000;10;9586195073;B
20240212;101417;199.040000000;940;9586195074;B
20240212;101418;199.140000000;30;9586195199;B
20240212;101419;199.100000000;10;9586195293;B
20240212;101419;199.110000000;20;9586195294;B
20240212;101423;199.040000000;30;9586195701;S
20240212;101424;199.030000000;30;9586195860;S
20240212;101424;199.030000000;50;9586195861;S
20240212;101424;199.020000000;120;9586195862;S
20240212;101425;199.030000000;20;9586195898;S
20240212;101425;199.020000000;10;9586195899;S
20240212;101432;199.070000000;10;9586197144;B
20240212;101433;199.040000000;10;9586197250;S
20240212;101433;199.070000000;10;9586197266;S
20240212;101439;199.130000000;10;9586198171;B
20240212;101441;199.020000000;60;9586198476;S
20240212;101441;199.130000000;10;9586198500;B
20240212;101451;199.030000000;30;9586199870;S
20240212;101459;199.020000000;100;9586200954;S
20240212;101459;199.020000000;120;9586200955;S
20240212;101459;199.010000000;1510;9586200956;S
20240212;101459;199.000000000;270;9586200957;S
20240212;101459;199.020000000;10;9586201060;S
20240212;101459;199.010000000;300;9586201061;S
20240212;101504;199.010000000;50;9586202944;S
20240212;101504;199.010000000;10;9586203211;S
20240212;101508;199.040000000;10;9586205079;B
20240212;101508;199.080000000;140;9586205080;B
20240212;101508;199.080000000;120;9586205081;B
20240212;101508;199.120000000;100;9586205082;B
20240212;101508;199.120000000;200;9586205083;S
20240212;101508;199.120000000;60;9586205084;S
20240212;101508;199.120000000;1670;9586205085;S
20240212;101508;199.030000000;10;9586205150;S
20240212;101525;199.070000000;20;9586209107;S
20240212;101525;199.040000000;20;9586209108;S
20240212;101527;199.120000000;20;9586209455;B
20240212;101527;199.120000000;10;9586209456;B
20240212;101527;199.140000000;10;9586209457;B
20240212;101531;199.080000000;10;9586210458;B
20240212;101533;199.050000000;100;9586210940;S
20240212;101540;199.090000000;10;9586212309;S
20240212;101545;199.090000000;10;9586213495;S
20240212;101548;199.120000000;10;9586214241;B
20240212;101548;199.130000000;100;9586214242;B
20240212;101548;199.130000000;90;9586214243;B
20240212;101548;199.140000000;50;9586214244;B
20240212;101551;199.220000000;20;9586214716;B
20240212;101551;199.200000000;10;9586214819;S
20240212;101552;199.200000000;10;9586215066;S
20240212;101555;199.220000000;10;9586215500;B
20240212;101555;199.230000000;20;9586215501;B
20240212;101557;199.210000000;50;9586216139;S
20240212;101557;199.200000000;40;9586216140;S
20240212;101608;199.200000000;10;9586218287;S
20240212;101608;199.200000000;10;9586218288;S
20240212;101608;199.190000000;10;9586218289;S
20240212;101611;199.180000000;10;9586218830;S
20240212;101611;199.170000000;10;9586218831;S
20240212;101611;199.140000000;80;9586218832;S
20240212;101612;199.210000000;20;9586219070;B
20240212;101613;199.220000000;50;9586219237;B
20240212;101616;199.220000000;10;9586219932;B
20240212;101617;199.190000000;50;9586220221;B
20240212;101620;199.220000000;20;9586220890;B
20240212;101620;199.230000000;10;9586220891;B
20240212;101620;199.230000000;70;9586220892;B
20240212;101622;199.230000000;50;9586221283;B
20240212;101622;199.220000000;1420;9586221313;B
20240212;101622;199.230000000;110;9586221314;B
20240212;101622;199.230000000;50;9586221315;S
20240212;101622;199.230000000;20;9586221316;S
20240212;101622;199.230000000;1640;9586221317;S
20240212;101622;199.230000000;10;9586221343;S
20240212;101624;199.230000000;80;9586221737;S
20240212;101624;199.230000000;190;9586221741;S
20240212;101624;199.130000000;20;9586221767;S
20240212;101627;199.130000000;60;9586222256;S
20240212;101637;199.130000000;10;9586224172;S
20240212;101638;199.130000000;10;9586224386;S
20240212;101639;199.150000000;10;9586224622;B
20240212;101639;199.150000000;10;9586224668;B
20240212;101640;199.130000000;10;9586224847;S
20240212;101641;199.150000000;10;9586224982;B
20240212;101642;199.150000000;50;9586225153;B
20240212;101646;199.220000000;90;9586226016;B
20240212;101647;199.230000000;20;9586226253;B
20240212;101647;199.210000000;20;9586226270;B
20240212;101653;199.230000000;60;9586227368;B
20240212;101653;199.230000000;90;9586227369;B
20240212;101657;199.230000000;10;9586228025;S
20240212;101658;199.250000000;40;9586228116;B
20240212;101659;199.230000000;20;9586228397;S
20240212;101700;199.230000000;220;9586228714;S
20240212;101700;199.220000000;30;9586228715;S
20240212;101701;199.220000000;10;9586228765;S
20240212;101703;199.240000000;10;9586229231;B
20240212;101703;199.240000000;20;9586229351;B
20240212;101703;199.250000000;80;9586229352;B
20240212;101704;199.220000000;10;9586229500;S
20240212;101706;199.250000000;20;9586229898;B
20240212;101710;199.240000000;10;9586230651;S
20240212;101711;199.250000000;60;9586230717;B
20240212;101713;199.240000000;20;9586231224;S
20240212;101713;199.230000000;60;9586231225;S
20240212;101714;199.240000000;100;9586231401;B
20240212;101717;199.230000000;100;9586231854;S
20240212;101718;199.240000000;10;9586232021;B
20240212;101719;199.240000000;10;9586232330;B
20240212;101721;199.240000000;500;9586232559;B
20240212;101723;199.240000000;70;9586233064;B
20240212;101725;199.230000000;200;9586233525;S
20240212;101726;199.230000000;140;9586233682;S
20240212;101726;199.230000000;90;9586233683;S
20240212;101726;199.230000000;1000;9586233684;S
20240212;101726;199.230000000;20;9586233685;S
20240212;101726;199.230000000;380;9586233686;S
20240212;101727;199.220000000;50;9586233826;S
20240212;101727;199.230000000;20;9586233865;B
20240212;101729;199.230000000;10;9586234195;B
20240212;101731;199.230000000;10;9586234469;B
20240212;101735;199.230000000;20;9586235321;B
20240212;101735;199.230000000;20;9586235352;B
20240212;101737;199.230000000;10;9586235675;B
20240212;101738;199.220000000;20;9586235962;S
20240212;101739;199.220000000;30;9586236035;S
20240212;101745;199.230000000;10;9586237031;B
20240212;101745;199.230000000;20;9586237067;B
20240212;101746;199.220000000;210;9586237162;S
20240212;101748;199.220000000;10;9586237466;S
20240212;101750;199.220000000;10;9586237741;S
20240212;101752;199.230000000;100;9586238106;B
20240212;101757;199.230000000;10;9586238771;B
20240212;101758;199.230000000;10;9586239025;B
20240212;101804;199.230000000;70;9586239799;B
20240212;101806;199.230000000;10;9586240122;B
20240212;101807;199.230000000;50;9586240297;B
20240212;101815;199.230000000;40;9586241530;B
20240212;101817;199.220000000;10;9586241753;S
20240212;101817;199.240000000;10;9586241777;B
20240212;101818;199.230000000;240;9586242027;S
20240212;101825;199.240000000;10;9586243064;B
20240212;101825;199.240000000;40;9586243065;B
20240212;101826;199.240000000;40;9586243149;B
20240212;101826;199.240000000;10;9586243163;B
20240212;101828;199.230000000;10;9586243412;S
20240212;101839;199.240000000;10;9586245420;B
20240212;101840;199.240000000;140;9586245488;B
20240212;101844;199.230000000;10;9586245982;S
20240212;101844;199.230000000;10;9586245983;S
20240212;101844;199.220000000;80;9586245984;S
20240212;101855;199.220000000;10;9586247760;S
20240212;101855;199.220000000;10;9586247779;S
20240212;101855;199.220000000;30;9586247780;S
20240212;101855;199.220000000;10;9586247781;S
20240212;101855;199.220000000;10;9586247782;S
20240212;101904;199.220000000;90;9586249174;B
20240212;101904;199.220000000;10;9586249175;B
20240212;101906;199.160000000;10;9586249400;S
20240212;101922;199.220000000;10;9586251821;B
20240212;101922;199.220000000;20;9586251930;B
20240212;101923;199.220000000;10;9586251997;B
20240212;101924;199.160000000;270;9586252220;S
20240212;101924;199.150000000;10;9586252263;S
20240212;101936;199.220000000;100;9586254121;B
20240212;101937;199.220000000;10;9586254403;B
20240212;101942;199.210000000;50;9586255213;B
20240212;101942;199.220000000;450;9586255214;B
20240212;101946;199.170000000;30;9586255837;S
20240212;101946;199.160000000;40;9586255838;S
20240212;102007;199.220000000;10;9586259829;B
20240212;102009;199.220000000;150;9586260603;B
20240212;102010;199.210000000;1000;9586261538;B
20240212;102013;199.160000000;10;9586262183;S
20240212;102013;199.160000000;10;9586262184;S
20240212;102013;199.150000000;50;9586262185;S
20240212;102013;199.150000000;180;9586262186;S
20240212;102013;199.150000000;90;9586262187;S
20240212;102013;199.150000000;10;9586262188;S
20240212;102013;199.150000000;100;9586262189;S
20240212;102013;199.150000000;20;9586262190;S
20240212;102013;199.150000000;60;9586262191;S
20240212;102013;199.140000000;10;9586262192;S
20240212;102013;199.130000000;20;9586262193;S
20240212;102013;199.110000000;20;9586262194;S
20240212;102013;199.110000000;1170;9586262195;S
20240212;102013;199.100000000;10;9586262196;S
20240212;102013;199.100000000;240;9586262197;S
20240212;102013;199.100000000;10;9586262326;S
20240212;102021;199.110000000;10;9586265352;S
20240212;102023;199.160000000;10;9586268551;B
20240212;102024;199.160000000;30;9586268668;B
20240212;102024;199.180000000;70;9586268669;B
20240212;102036;199.170000000;10;9586274403;B
20240212;102040;199.180000000;40;9586275823;B
20240212;102045;199.200000000;10;9586277536;B
20240212;102056;199.200000000;10;9586282910;B
20240212;102056;199.220000000;40;9586282921;B
20240212;102056;199.220000000;460;9586282922;B
20240212;102057;199.200000000;500;9586283001;S
20240212;102057;199.200000000;20;9586283022;S
20240212;102058;199.200000000;320;9586283777;S
20240212;102059;199.210000000;10;9586284670;B
20240212;102059;199.220000000;10;9586284679;B
20240212;102100;199.200000000;20;9586284751;S
20240212;102100;199.200000000;30;9586284871;S
20240212;102101;199.200000000;40;9586284894;S
20240212;102102;199.200000000;20;9586285048;S
20240212;102102;199.200000000;40;9586285670;S
20240212;102102;199.140000000;10;9586285671;S
20240212;102108;199.130000000;40;9586287999;S
20240212;102108;199.130000000;200;9586288000;S
20240212;102108;199.130000000;100;9586288001;S
20240212;102108;199.120000000;10;9586288002;S
20240212;102108;199.120000000;10;9586288003;S
20240212;102108;199.120000000;80;9586288004;S
20240212;102108;199.170000000;20;9586288015;B
20240212;102109;199.190000000;100;9586288039;B
20240212;102109;199.190000000;1510;9586288040;B
20240212;102109;199.200000000;180;9586288041;B
20240212;102109;199.210000000;1820;9586288042;B
20240212;102109;199.210000000;880;9586288043;B
20240212;102109;199.220000000;510;9586288044;B
20240212;102110;199.210000000;10;9586288529;B
20240212;102113;199.200000000;10;9586289558;S
20240212;102119;199.200000000;10;9586291884;S
20240212;102120;199.200000000;10;9586292238;S
20240212;102125;199.220000000;10;9586294307;B
20240212;102127;199.200000000;40;9586295004;S
20240212;102127;199.170000000;10;9586295005;S
20240212;102127;199.160000000;100;9586295006;S
20240212;102127;199.150000000;30;9586295007;S
20240212;102131;199.210000000;10;9586296387;B
20240212;102131;199.220000000;10;9586296420;B
20240212;102131;199.180000000;10;9586296468;B
20240212;102132;199.220000000;30;9586297130;B
20240212;102132;199.220000000;10;9586297131;B
20240212;102132;199.220000000;10;9586297132;B
20240212;102132;199.220000000;50;9586297133;B
20240212;102150;199.160000000;10;9586303952;S
20240212;102151;199.150000000;10;9586304327;S
20240212;102157;199.190000000;10;9586305958;B
20240212;102157;199.210000000;100;9586305959;B
20240212;102157;199.220000000;10;9586305960;B
20240212;102157;199.220000000;1240;9586305961;B
20240212;102157;199.230000000;700;9586305962;B
20240212;102157;199.250000000;20;9586305963;B
20240212;102157;199.250000000;2840;9586305964;B
20240212;102157;199.250000000;50;9586305965;B
20240212;102157;199.250000000;200;9586305966;B
20240212;102157;199.280000000;10;9586305967;B
20240212;102157;199.280000000;200;9586305968;B
20240212;102157;199.300000000;690;9586305969;B
20240212;102157;199.220000000;10;9586305987;B
20240212;102157;199.220000000;10;9586305990;S
20240212;102157;199.220000000;10;9586306002;S
20240212;102157;199.220000000;10;9586306006;S
20240212;102157;199.220000000;10;9586306012;S
20240212;102157;199.230000000;10;9586306058;S
20240212;102216;199.230000000;20;9586313364;B
20240212;102216;199.230000000;130;9586313365;B
20240212;102223;199.280000000;40;9586316390;B
20240212;102223;199.290000000;90;9586316391;B
20240212;102223;199.300000000;130;9586316392;B
20240212;102236;199.260000000;10;9586321244;B
20240212;102236;199.290000000;10;9586321245;B
20240212;102237;199.230000000;10;9586321917;S
20240212;102242;199.270000000;10;9586324005;B
20240212;102303;199.240000000;10;9586331975;S
20240212;102303;199.230000000;40;9586331976;S
20240212;102303;199.230000000;20;9586331977;S
20240212;102303;199.200000000;130;9586332000;S
20240212;102304;199.260000000;10;9586332478;B
20240212;102308;199.240000000;10;9586334912;S
20240212;102310;199.260000000;10;9586335275;B
20240212;102310;199.270000000;10;9586335293;B
20240212;102314;199.260000000;20;9586337273;B
20240212;102316;199.260000000;40;9586337840;B
20240212;102319;199.260000000;90;9586339165;B
20240212;102319;199.270000000;20;9586339166;B
20240212;102322;199.260000000;100;9586339791;S
20240212;102324;199.270000000;10;9586341146;B
20240212;102327;199.240000000;10;9586342083;S
20240212;102327;199.240000000;10;9586342084;S
20240212;102327;199.240000000;100;9586342085;S
20240212;102327;199.220000000;80;9586342086;S
20240212;102329;199.270000000;10;9586342497;B
20240212;102335;199.270000000;10;9586345170;B
20240212;102351;199.270000000;50;9586350775;B
20240212;102351;199.270000000;90;9586350776;B
20240212;102351;199.280000000;40;9586350777;B
20240212;102351;199.280000000;320;9586350778;B
20240212;102354;199.280000000;10;9586351835;S
20240212;102354;199.240000000;10;9586351836;S
20240212;102354;199.220000000;70;9586351837;S
20240212;102355;199.240000000;30;9586352041;B
20240212;102405;199.240000000;10;9586355414;B
20240212;102405;199.240000000;10;9586355514;B
20240212;102407;199.240000000;60;9586355827;B
20240212;102408;199.220000000;10;9586356665;S
20240212;102412;199.240000000;10;9586358000;B
20240212;102412;199.210000000;90;9586358109;S
20240212;102412;199.200000000;10;9586358110;S
20240212;102416;199.240000000;10;9586359088;B
20240212;102417;199.240000000;10;9586359321;B
20240212;102421;199.200000000;100;9586360159;S
20240212;102423;199.200000000;20;9586361157;S
20240212;102424;199.240000000;10;9586362445;B
20240212;102426;199.240000000;10;9586363605;B
20240212;102426;199.200000000;50;9586363950;S
20240212;102432;199.240000000;40;9586371038;B
20240212;102433;199.240000000;10;9586371519;B
20240212;102434;199.240000000;10;9586372061;B
20240212;102435;199.200000000;500;9586373939;S
20240212;102436;199.200000000;20;9586374420;S
20240212;102437;199.220000000;10;9586375834;B
20240212;102438;199.230000000;10;9586376662;B
20240212;102442;199.220000000;10;9586380574;B
20240212;102445;199.230000000;10;9586382537;B
20240212;102445;199.200000000;690;9586383008;S
20240212;102447;199.220000000;10;9586384603;B
20240212;102448;199.230000000;20;9586385138;B
20240212;102450;199.220000000;10;9586387829;B
20240212;102451;199.200000000;10;9586387983;S
20240212;102452;199.230000000;20;9586388957;B
20240212;102456;199.200000000;10;9586391836;S
20240212;102459;199.200000000;10;9586394699;S
20240212;102459;199.200000000;90;9586394700;S
20240212;102459;199.220000000;70;9586394872;B
20240212;102502;199.220000000;30;9586397440;B
20240212;102503;199.200000000;10;9586398770;S
20240212;102503;199.200000000;100;9586398771;S
20240212;102503;199.200000000;160;9586398772;S
20240212;102504;199.190000000;10;9586400387;B
20240212;102504;199.200000000;50;9586400455;B
20240212;102505;199.200000000;180;9586400662;B
20240212;102505;199.200000000;70;9586400665;S
20240212;102506;199.230000000;10;9586402536;B
20240212;102508;199.160000000;10;9586403478;S
20240212;102511;199.220000000;10;9586406133;B
20240212;102514;199.200000000;20;9586409243;B
20240212;102520;199.230000000;10;9586414716;B
20240212;102520;199.220000000;20;9586415328;B
20240212;102522;199.210000000;20;9586416616;B
20240212;102523;199.150000000;90;9586417242;S
20240212;102523;199.220000000;10;9586417700;B
20240212;102524;199.220000000;10;9586418549;B
20240212;102524;199.220000000;20;9586418560;B
20240212;102524;199.220000000;10;9586418681;B
20240212;102524;199.220000000;10;9586418747;B
20240212;102524;199.140000000;20;9586418842;S
20240212;102524;199.220000000;10;9586418843;B
20240212;102529;199.210000000;20;9586422980;B
20240212;102530;199.210000000;10;9586423890;B
20240212;102530;199.210000000;20;9586424014;B
20240212;102532;199.210000000;10;9586425682;B
20240212;102533;199.210000000;20;9586426503;B
20240212;102533;199.220000000;130;9586426504;B
20240212;102533;199.230000000;330;9586426505;B
20240212;102534;199.220000000;20;9586427380;B
20240212;102536;199.160000000;10;9586428716;S
20240212;102537;199.210000000;10;9586430974;B
20240212;102538;199.190000000;10;9586431279;B
20240212;102544;199.180000000;10;9586436575;B
20240212;102547;199.180000000;20;9586438921;B
20240212;102549;199.150000000;10;9586440665;S
20240212;102550;199.160000000;20;9586442026;B
20240212;102552;199.160000000;10;9586443265;B
20240212;102552;199.150000000;10;9586443266;S
20240212;102552;199.160000000;60;9586444046;B
20240212;102553;199.160000000;20;9586444165;B
20240212;102553;199.160000000;10;9586444731;B
20240212;102554;199.160000000;30;9586444941;B
20240212;102554;199.160000000;90;9586444942;B
20240212;102554;199.170000000;20;9586444943;B
20240212;102554;199.180000000;500;9586444944;B
20240212;102554;199.200000000;100;9586444945;B
20240212;102554;199.230000000;610;9586444946;B
20240212;102555;199.200000000;10;9586445739;B
20240212;102557;199.160000000;20;9586446931;B
20240212;102600;199.160000000;10;9586450071;B
20240212;102601;199.150000000;10;9586452516;S
20240212;102601;199.140000000;90;9586452517;S
20240212;102602;199.140000000;10;9586453013;B
20240212;102602;199.130000000;50;9586453321;S
20240212;102603;199.140000000;30;9586454015;B
20240212;102604;199.130000000;10;9586454968;S
20240212;102604;199.120000000;90;9586454969;S
20240212;102604;199.120000000;20;9586454970;S
20240212;102604;199.110000000;10;9586454971;S
20240212;102604;199.110000000;10;9586454972;S
20240212;102604;199.110000000;360;9586454973;S
20240212;102604;199.110000000;400;9586454986;S
20240212;102604;199.140000000;100;9586455006;B
20240212;102604;199.140000000;150;9586455329;B
20240212;102605;199.140000000;50;9586455836;B
20240212;102607;199.140000000;50;9586457261;B
20240212;102607;199.140000000;10;9586457366;B
20240212;102607;199.140000000;10;9586457850;B
20240212;102609;199.140000000;10;9586460236;B
20240212;102610;199.140000000;280;9586461022;B
20240212;102610;199.140000000;40;9586461023;B
20240212;102610;199.110000000;200;9586461389;S
20240212;102610;199.100000000;300;9586461390;S
20240212;102610;199.160000000;10;9586461893;B
20240212;102611;199.110000000;480;9586462801;S
20240212;102612;199.110000000;10;9586463579;B
20240212;102614;199.110000000;10;9586465438;B
20240212;102615;199.160000000;10;9586465739;B
20240212;102615;199.140000000;290;9586465854;S
20240212;102615;199.130000000;90;9586465855;S
20240212;102615;199.130000000;10;9586466195;B
20240212;102616;199.130000000;10;9586467018;B
20240212;102616;199.160000000;10;9586467091;B
20240212;102619;199.180000000;20;9586470761;B
20240212;102627;199.180000000;10;9586478005;B
20240212;102629;199.190000000;20;9586480786;B
20240212;102629;199.190000000;70;9586481521;B
20240212;102629;199.190000000;130;9586481522;B
20240212;102632;199.190000000;20;9586483686;B
20240212;102632;199.190000000;10;9586484708;B
20240212;102638;199.240000000;10;9586490196;B
20240212;102649;199.240000000;20;9586501398;B
20240212;102649;199.240000000;30;9586501734;B
20240212;102649;199.180000000;60;9586501820;S
20240212;102649;199.180000000;10;9586501821;B
20240212;102649;199.180000000;230;9586501822;B
20240212;102659;199.180000000;40;9586510421;B
20240212;102701;199.190000000;10;9586511599;B
20240212;102702;199.180000000;20;9586512834;B
20240212;102704;199.110000000;60;9586513811;S
20240212;102713;199.160000000;20;9586521865;B
20240212;102714;199.160000000;10;9586522610;B
20240212;102718;199.160000000;20;9586526415;B
20240212;102719;199.190000000;10;9586526514;B
20240212;102722;199.200000000;20;9586529758;B
20240212;102724;199.200000000;10;9586531241;B
20240212;102726;199.200000000;200;9586532970;B
20240212;102727;199.200000000;20;9586533273;B
20240212;102731;199.180000000;10;9586537466;B
20240212;102734;199.170000000;20;9586540259;B
20240212;102736;199.170000000;20;9586541563;B
20240212;102748;199.150000000;10;9586552509;B
20240212;102750;199.130000000;10;9586554023;S
20240212;102750;199.120000000;80;9586554024;S
20240212;102751;199.150000000;70;9586554627;B
20240212;102751;199.160000000;80;9586554628;B
20240212;102751;199.170000000;50;9586554629;B
20240212;102752;199.180000000;10;9586555829;B
20240212;102755;199.170000000;10;9586557800;B
20240212;102755;199.180000000;50;9586558497;B
20240212;102757;199.170000000;20;9586559548;B
20240212;102757;199.170000000;30;9586559549;S
20240212;102759;199.180000000;20;9586561272;B
20240212;102807;199.120000000;10;9586568373;S
20240212;102807;199.120000000;30;9586568374;S
20240212;102810;199.180000000;10;9586570592;B
20240212;102810;199.190000000;10;9586570593;B
20240212;102814;199.180000000;10;9586573866;B
20240212;102814;199.190000000;20;9586573867;B
20240212;102814;199.190000000;80;9586573868;B
20240212;102814;199.200000000;150;9586573869;B
20240212;102814;199.180000000;10;9586574263;B
20240212;102816;199.120000000;10;9586575536;S
20240212;102816;199.120000000;10;9586575537;S
20240212;102818;199.190000000;20;9586577348;B
20240212;102820;199.130000000;10;9586579082;S
20240212;102820;199.120000000;20;9586579083;S
20240212;102827;199.110000000;20;9586584271;S
20240212;102827;199.110000000;10;9586584272;S
20240212;102827;199.100000000;970;9586584273;S
20240212;102838;199.140000000;10;9586591972;B
20240212;102839;199.150000000;10;9586592794;B
20240212;102840;199.100000000;100;9586593193;S
20240212;102854;199.150000000;10;9586603702;B
20240212;102854;199.150000000;10;9586603703;B
20240212;102856;199.160000000;30;9586605022;B
20240212;102905;199.150000000;20;9586611281;B
20240212;102906;199.150000000;60;9586611472;B
20240212;102906;199.110000000;80;9586611865;S
20240212;102906;199.100000000;430;9586611866;S
20240212;102908;199.150000000;10;9586613356;B
20240212;102910;199.100000000;30;9586614711;S
20240212;102921;199.150000000;20;9586622275;B
20240212;102932;199.110000000;10;9586629987;S
20240212;102940;199.150000000;50;9586636407;B
20240212;102941;199.110000000;20;9586637150;S
20240212;102945;199.150000000;220;9586640730;B
20240212;102945;199.160000000;70;9586640731;B
20240212;102946;199.160000000;20;9586640803;B
20240212;102953;199.110000000;80;9586646867;S
20240212;102953;199.110000000;50;9586646868;B
20240212;102953;199.110000000;70;9586646869;B
20240212;102957;199.110000000;80;9586650078;S
20240212;102957;199.100000000;20;9586650079;S
20240212;103004;199.160000000;20;9586656223;B
20240212;103004;199.160000000;30;9586656246;B
20240212;103015;199.110000000;10;9586664713;S
20240212;103015;199.100000000;10;9586665031;S
20240212;103017;199.160000000;10;9586666505;B
20240212;103018;199.110000000;10;9586667430;S
20240212;103019;199.100000000;240;9586668018;S
20240212;103019;199.100000000;210;9586668019;S
20240212;103019;199.100000000;10;9586668020;S
20240212;103019;199.100000000;10;9586668021;S
20240212;103019;199.090000000;80;9586668022;S
20240212;103019;199.080000000;10;9586668023;S
20240212;103019;199.070000000;180;9586668024;S
20240212;103019;199.040000000;30;9586668025;S
20240212;103019;199.030000000;10;9586668026;S
20240212;103019;199.030000000;220;9586668027;S
20240212;103019;199.020000000;200;9586668028;S
20240212;103027;199.110000000;10;9586674659;B
20240212;103032;199.110000000;30;9586678971;B
20240212;103035;199.040000000;20;9586681790;S
20240212;103036;199.030000000;10;9586681930;S
20240212;103036;199.030000000;30;9586681976;S
20240212;103041;199.040000000;20;9586685689;S
20240212;103041;199.110000000;10;9586685812;B
20240212;103045;199.110000000;10;9586689456;B
20240212;103048;199.040000000;80;9586691576;S
20240212;103048;199.030000000;70;9586691577;S
20240212;103048;199.030000000;30;9586691578;S
20240212;103048;199.020000000;280;9586691579;S
20240212;103049;199.070000000;100;9586692806;S
20240212;103054;199.070000000;80;9586696856;S
20240212;103054;199.070000000;40;9586696857;S
20240212;103054;199.060000000;380;9586696858;S
20240212;103055;199.150000000;20;9586697339;B
20240212;103059;199.130000000;10;9586701251;B
20240212;103108;199.040000000;10;9586708624;S
20240212;103108;199.030000000;50;9586708625;S
20240212;103108;199.030000000;10;9586708626;S
20240212;103109;199.130000000;30;9586708958;B
20240212;103109;199.130000000;170;9586708959;B
20240212;103109;199.140000000;60;9586708960;B
20240212;103109;199.150000000;150;9586708961;B
20240212;103113;199.150000000;10;9586712588;B
20240212;103113;199.150000000;10;9586712589;S
20240212;103118;199.150000000;30;9586716439;S
20240212;103119;199.140000000;10;9586717409;B
20240212;103120;199.150000000;20;9586718768;B
20240212;103122;199.090000000;60;9586720499;S
20240212;103122;199.080000000;180;9586720500;S
20240212;103122;199.030000000;30;9586720501;S
20240212;103122;199.030000000;10;9586720502;S
20240212;103122;199.020000000;800;9586720503;S
20240212;103123;199.040000000;50;9586721276;S
20240212;103159;199.120000000;10;9586748528;B
20240212;103159;199.130000000;40;9586748529;B
20240212;103200;199.060000000;30;9586749393;B
20240212;103200;199.060000000;10;9586749394;B
20240212;103202;199.130000000;10;9586750301;B
20240212;103204;199.060000000;10;9586752170;S
20240212;103204;199.060000000;10;9586752171;S
20240212;103204;199.060000000;70;9586752172;S
20240212;103204;199.060000000;770;9586752173;B
20240212;103206;199.050000000;10;9586753115;S
20240212;103212;199.050000000;20;9586758079;S
20240212;103212;199.050000000;50;9586758080;S
20240212;103214;199.050000000;10;9586759374;S
20240212;103216;199.060000000;10;9586760230;B
20240212;103216;199.100000000;10;9586760294;B
20240212;103227;199.060000000;10;9586768212;S
20240212;103230;199.110000000;10;9586770154;B
20240212;103239;199.110000000;10;9586776111;S
20240212;103239;199.090000000;10;9586776112;S
20240212;103239;199.090000000;40;9586776113;S
20240212;103241;199.080000000;10;9586777160;S
20240212;103253;199.140000000;10;9586786287;B
20240212;103253;199.140000000;70;9586786288;B
20240212;103256;199.150000000;10;9586788352;B
20240212;103300;199.140000000;150;9586792042;S
20240212;103312;199.140000000;10;9586801427;S
20240212;103313;199.140000000;10;9586802760;S
20240212;103319;199.150000000;10;9586807785;B
20240212;103321;199.140000000;200;9586809181;S
20240212;103321;199.140000000;1000;9586809182;S
20240212;103321;199.090000000;50;9586809183;S
20240212;103321;199.090000000;1330;9586809184;S
20240212;103321;199.060000000;10;9586809185;S
20240212;103321;199.040000000;180;9586809186;S
20240212;103321;199.040000000;500;9586809187;S
20240212;103321;199.030000000;10;9586809188;S
20240212;103321;199.020000000;60;9586809189;S
20240212;103327;199.120000000;10;9586813818;B
20240212;103327;199.120000000;10;9586813819;B
20240212;103329;199.120000000;10;9586815437;B
20240212;103330;199.060000000;10;9586817070;S
20240212;103330;199.060000000;20;9586817071;S
20240212;103330;199.050000000;80;9586817072;S
20240212;103353;199.100000000;20;9586835443;B
20240212;103353;199.100000000;10;9586835444;B
20240212;103353;199.110000000;70;9586835445;B
20240212;103353;199.120000000;10;9586835498;B
20240212;103402;199.120000000;10;9586842800;B
20240212;103404;199.120000000;20;9586844739;B
20240212;103406;199.120000000;10;9586846585;B
20240212;103408;199.100000000;100;9586847924;S
20240212;103414;199.100000000;10;9586852672;B
20240212;103419;199.100000000;10;9586856828;B
20240212;103438;199.100000000;10;9586873293;B
20240212;103443;199.050000000;200;9586877625;S
20240212;103445;199.100000000;10;9586878988;B
20240212;103451;199.100000000;10;9586884145;B
20240212;103453;199.060000000;150;9586886308;S
20240212;103502;199.100000000;50;9586893555;B
20240212;103502;199.100000000;30;9586893556;B
20240212;103502;199.110000000;60;9586893557;B
20240212;103502;199.130000000;180;9586893558;B
20240212;103502;199.140000000;180;9586893559;B
20240212;103502;199.150000000;60;9586893560;B
20240212;103502;199.150000000;10;9586893561;B
20240212;103502;199.160000000;90;9586893562;B
20240212;103502;199.170000000;740;9586893563;B
20240212;103503;199.140000000;40;9586894444;B
20240212;103511;199.090000000;20;9586899737;S
20240212;103511;199.090000000;20;9586899738;S
20240212;103511;199.090000000;30;9586899739;S
20240212;103511;199.080000000;180;9586899740;S
20240212;103511;199.070000000;10;9586899741;S
20240212;103511;199.070000000;10;9586899742;S
20240212;103511;199.060000000;760;9586899743;S
20240212;103511;199.060000000;1220;9586899744;S
20240212;103511;199.050000000;50;9586899745;S
20240212;103511;199.050000000;1100;9586899746;S
20240212;103511;199.050000000;10;9586899747;S
20240212;103511;199.050000000;80;9586899748;S
20240212;103511;199.020000000;500;9586899749;S
20240212;103511;199.010000000;10;9586899750;S
20240212;103511;199.010000000;1000;9586899751;S
20240212;103518;199.080000000;10;9586904384;B
20240212;103518;199.020000000;50;9586904521;S
20240212;103518;199.020000000;70;9586904522;S
20240212;103518;199.010000000;40;9586904523;S
20240212;103520;199.080000000;10;9586905881;B
20240212;103520;199.080000000;60;9586905882;B
20240212;103523;199.070000000;30;9586907772;B
20240212;103543;199.080000000;70;9586921402;B
20240212;103555;199.070000000;10;9586929995;S
20240212;103600;199.080000000;30;9586933430;B
20240212;103604;199.080000000;10;9586936332;B
20240212;103606;199.010000000;10;9586937931;S
20240212;103606;199.010000000;10;9586937932;S
20240212;103606;199.010000000;10;9586937933;S
20240212;103606;199.010000000;20;9586937934;S
20240212;103621;199.060000000;10;9586950043;B
20240212;103623;199.070000000;10;9586950875;B
20240212;103624;199.010000000;10;9586951916;S
20240212;103624;199.000000000;70;9586951917;S
20240212;103625;199.000000000;30;9586952995;S
20240212;103625;199.000000000;10;9586952996;S
20240212;103625;199.000000000;10;9586952997;S
20240212;103625;199.000000000;10;9586952998;S
20240212;103625;199.000000000;10;9586952999;S
20240212;103625;199.000000000;1190;9586953000;S
20240212;103628;199.000000000;810;9586955800;S
20240212;103628;199.000000000;10;9586955801;S
20240212;103628;199.000000000;10;9586955802;S
20240212;103628;199.000000000;100;9586955803;S
20240212;103628;199.000000000;10;9586955804;S
20240212;103628;199.000000000;10;9586955805;S
20240212;103628;199.000000000;10;9586955806;S
20240212;103628;199.000000000;50;9586955807;S
20240212;103628;199.000000000;30;9586955808;S
20240212;103628;199.000000000;10;9586955809;S
20240212;103628;199.000000000;10;9586955810;S
20240212;103628;199.000000000;150;9586955811;S
20240212;103628;199.000000000;10;9586955812;S
20240212;103628;199.000000000;1000;9586955813;S
20240212;103628;199.000000000;10;9586955814;S
20240212;103628;199.000000000;10;9586955815;S
20240212;103628;199.000000000;10;9586955816;S
20240212;103628;199.000000000;20;9586955817;S
20240212;103628;199.000000000;10;9586955818;S
20240212;103628;199.000000000;10;9586955819;S
20240212;103628;198.990000000;10;9586955820;S
20240212;103628;198.980000000;10;9586955825;S
20240212;103628;198.980000000;10;9586955826;S
20240212;103628;198.980000000;10;9586955827;S
20240212;103630;198.950000000;30;9586956650;S
20240212;103630;198.950000000;10;9586956653;S
20240212;103632;198.950000000;60;9586959160;S
20240212;103633;198.930000000;10;9586959246;S
20240212;103635;198.960000000;10;9586960592;B
20240212;103635;198.960000000;10;9586960593;B
20240212;103643;198.970000000;10;9586968134;B
20240212;103650;198.930000000;10;9586973223;S
20240212;103652;198.970000000;10;9586974942;B
20240212;103652;198.970000000;80;9586974943;B
20240212;103653;198.970000000;110;9586976648;S
20240212;103705;198.980000000;20;9586985977;B
20240212;103707;198.970000000;10;9586988128;S
20240212;103708;198.970000000;10;9586988398;S
20240212;103708;198.970000000;10;9586988402;S
20240212;103709;198.970000000;10;9586989090;S
20240212;103709;198.970000000;10;9586989114;S
20240212;103711;198.970000000;10;9586990454;S
20240212;103711;198.970000000;60;9586990560;S
20240212;103712;198.980000000;10;9586991802;B
20240212;103713;198.970000000;10;9586992349;S
20240212;103713;198.980000000;70;9586992350;B
20240212;103713;198.980000000;200;9586992351;B
20240212;103714;198.990000000;10;9586993421;B
20240212;103719;198.940000000;10;9586998048;B
20240212;103719;198.940000000;20;9586998051;B
20240212;103720;198.940000000;10;9586998076;S
20240212;103725;198.930000000;140;9587002705;S
20240212;103725;198.930000000;860;9587002706;S
20240212;103727;198.950000000;10;9587003973;B
20240212;103727;198.950000000;10;9587003974;B
20240212;103734;198.960000000;10;9587010170;B
20240212;103736;198.960000000;10;9587011656;B
20240212;103752;198.960000000;10;9587024856;B
20240212;103752;198.960000000;70;9587024857;B
20240212;103757;198.970000000;20;9587029260;B
20240212;103803;198.930000000;30;9587034321;S
20240212;103814;198.970000000;70;9587044057;B
20240212;103814;198.970000000;220;9587044058;B
20240212;103814;198.980000000;210;9587044059;B
20240212;103819;198.960000000;30;9587048515;B
20240212;103819;198.970000000;90;9587048516;B
20240212;103819;198.970000000;220;9587048517;B
20240212;103819;198.970000000;50;9587048518;B
20240212;103819;198.980000000;480;9587048519;B
20240212;103819;198.990000000;1690;9587048520;B
20240212;103819;198.990000000;130;9587048521;B
20240212;103819;198.990000000;250;9587048522;B
20240212;103819;199.000000000;10;9587048523;B
20240212;103819;199.000000000;60;9587048524;B
20240212;103819;199.000000000;200;9587048525;B
20240212;103819;199.000000000;200;9587048526;B
20240212;103819;199.010000000;70;9587048527;B
20240212;103819;199.080000000;20;9587048528;B
20240212;103819;199.110000000;250;9587048529;B
20240212;103829;199.130000000;20;9587056272;B
20240212;103832;199.130000000;50;9587058590;B
20240212;103838;199.060000000;10;9587062592;S
20240212;103845;199.060000000;10;9587067228;S
20240212;103854;199.060000000;20;9587073983;S
20240212;103900;199.070000000;20;9587078004;S
20240212;103917;199.070000000;10;9587090054;S
20240212;103917;199.070000000;10;9587090055;S
20240212;103922;199.140000000;10;9587093242;B
20240212;103922;199.140000000;10;9587093243;B
20240212;103922;199.150000000;30;9587093244;B
20240212;103922;199.150000000;40;9587093245;B
20240212;103922;199.160000000;10;9587093246;B
20240212;103922;199.070000000;10;9587093864;S
20240212;103922;199.070000000;10;9587093865;S
20240212;103922;199.070000000;10;9587093866;S
20240212;103923;199.140000000;10;9587094122;B
20240212;103930;199.070000000;10;9587099592;S
20240212;103937;199.060000000;10;9587104853;S
20240212;103941;199.060000000;10;9587108365;S
20240212;103945;199.060000000;10;9587111081;S
20240212;103950;199.060000000;10;9587115427;S
20240212;103951;199.060000000;160;9587115827;S
20240212;103951;199.060000000;10;9587115828;S
20240212;103951;199.050000000;50;9587115829;S
20240212;103956;199.070000000;80;9587120315;B
20240212;103956;199.070000000;20;9587120316;B
20240212;104011;199.080000000;50;9587133761;B
20240212;104011;199.080000000;80;9587133762;B
20240212;104011;199.080000000;210;9587133763;B
20240212;104051;199.050000000;10;9587165349;S
20240212;104053;199.050000000;10;9587167799;S
20240212;104102;199.050000000;40;9587175865;S
20240212;104103;199.060000000;20;9587176646;B
20240212;104129;199.000000000;10;9587198271;S
20240212;104129;199.000000000;90;9587198272;S
20240212;104132;199.000000000;210;9587201015;S
20240212;104134;198.940000000;40;9587202531;S
20240212;104134;198.930000000;110;9587202532;S
20240212;104134;198.930000000;20;9587202533;S
20240212;104134;198.930000000;20;9587202534;S
20240212;104134;198.930000000;10;9587202535;S
20240212;104134;198.930000000;10;9587202536;S
20240212;104140;198.990000000;40;9587206912;B
20240212;104140;198.990000000;460;9587206913;B
20240212;104144;198.980000000;80;9587210810;B
20240212;104144;199.000000000;200;9587210811;B
20240212;104144;199.000000000;720;9587210812;S
20240212;104148;199.030000000;10;9587213336;B
20240212;104155;199.020000000;10;9587218788;B
20240212;104157;199.040000000;80;9587220478;B
20240212;104158;198.960000000;10;9587221373;S
20240212;104158;198.950000000;180;9587221374;S
20240212;104158;198.940000000;80;9587221375;S
20240212;104158;198.930000000;610;9587221376;S
20240212;104158;198.920000000;120;9587221377;S
20240212;104208;198.930000000;10;9587227883;S
20240212;104212;198.930000000;80;9587231030;S
20240212;104212;198.920000000;120;9587231031;S
20240212;104219;198.990000000;10;9587235618;B
20240212;104219;198.990000000;10;9587235619;B
20240212;104219;199.000000000;30;9587235620;B
20240212;104220;198.930000000;40;9587235733;B
20240212;104220;198.930000000;50;9587235734;B
20240212;104220;198.930000000;40;9587235735;B
20240212;104241;198.940000000;10;9587251373;S
20240212;104241;198.940000000;10;9587251374;S
20240212;104241;198.940000000;410;9587251375;S
20240212;104242;199.000000000;50;9587251637;B
20240212;104243;198.940000000;10;9587251985;S
20240212;104245;199.000000000;100;9587253657;B
20240212;104251;198.940000000;10;9587257917;S
20240212;104307;198.940000000;130;9587270552;S
20240212;104308;198.940000000;10;9587271952;S
20240212;104314;198.960000000;50;9587276097;B
20240212;104319;198.970000000;100;9587276856;B
20240212;104330;198.970000000;10;9587278084;B
20240212;104331;198.940000000;10;9587278223;S
20240212;104334;198.940000000;10;9587278557;S
20240212;104340;198.970000000;100;9587279149;B
20240212;104349;198.970000000;10;9587280509;B
20240212;104349;198.970000000;90;9587280510;B
20240212;104404;198.940000000;410;9587282569;S
20240212;104404;198.940000000;10;9587282570;S
20240212;104404;198.940000000;10;9587282571;S
20240212;104404;198.940000000;10;9587282572;S
20240212;104404;198.930000000;70;9587282573;S
20240212;104404;198.920000000;140;9587282574;S
20240212;104404;198.970000000;50;9587282618;B
20240212;104405;198.920000000;120;9587282673;S
20240212;104405;198.920000000;10;9587282674;S
20240212;104405;198.920000000;50;9587282675;S
20240212;104405;198.910000000;30;9587282676;S
20240212;104405;198.970000000;10;9587282693;S
20240212;104406;198.970000000;10;9587282799;B
20240212;104409;198.960000000;100;9587283109;S
20240212;104420;198.970000000;190;9587284295;B
20240212;104420;198.970000000;10;9587284296;B
20240212;104420;198.980000000;10;9587284297;B
20240212;104420;198.980000000;70;9587284298;B
20240212;104420;198.990000000;180;9587284299;B
20240212;104420;199.000000000;40;9587284300;B
20240212;104431;198.990000000;30;9587285492;B
20240212;104436;198.940000000;10;9587285980;S
20240212;104436;198.920000000;170;9587285981;S
20240212;104437;198.920000000;180;9587286307;S
20240212;104437;198.920000000;70;9587286308;S
20240212;104441;198.970000000;10;9587287051;B
20240212;104441;198.970000000;140;9587287052;B
20240212;104442;198.980000000;80;9587287266;B
20240212;104442;199.000000000;60;9587287267;B
20240212;104442;199.000000000;10;9587287268;B
20240212;104456;199.000000000;50;9587289393;B
20240212;104500;199.000000000;10;9587290269;B
20240212;104502;199.000000000;430;9587290455;B
20240212;104502;199.000000000;120;9587290456;B
20240212;104510;198.990000000;10;9587291430;B
20240212;104512;198.990000000;1120;9587291669;B
20240212;104512;199.000000000;130;9587291670;B
20240212;104512;199.000000000;500;9587291671;B
20240212;104512;199.000000000;410;9587291672;B
20240212;104512;199.000000000;210;9587291673;B
20240212;104514;199.050000000;10;9587291907;B
20240212;104516;199.020000000;10;9587292100;S
20240212;104517;199.050000000;10;9587292244;B
20240212;104517;199.010000000;50;9587292281;S
20240212;104523;199.020000000;10;9587292934;S
20240212;104523;199.010000000;10;9587293068;S
20240212;104523;199.000000000;1040;9587293069;S
20240212;104523;199.000000000;70;9587293077;S
20240212;104526;199.040000000;30;9587293388;B
20240212;104544;199.000000000;300;9587295645;S
20240212;104545;199.000000000;10;9587295901;S
20240212;104545;199.000000000;1210;9587295902;S
20240212;104545;199.000000000;10;9587295903;S
20240212;104546;198.940000000;10;9587296020;S
20240212;104546;198.920000000;100;9587296021;S
20240212;104546;198.920000000;490;9587296022;S
20240212;104551;198.960000000;50;9587296574;B
20240212;104551;198.970000000;220;9587296658;B
20240212;104551;198.980000000;10;9587296659;B
20240212;104551;198.980000000;90;9587296660;B
20240212;104551;198.990000000;1510;9587296661;B
20240212;104551;199.000000000;80;9587296662;B
20240212;104557;198.910000000;50;9587297406;S
20240212;104558;198.990000000;200;9587297584;B
20240212;104620;198.990000000;90;9587300905;B
20240212;104620;198.990000000;10;9587300906;B
20240212;104623;198.990000000;20;9587301166;B
20240212;104623;198.990000000;220;9587301167;B
20240212;104623;199.000000000;60;9587301168;B
20240212;104628;198.990000000;10;9587301821;S
20240212;104629;199.000000000;20;9587301935;B
20240212;104631;198.990000000;10;9587302186;S
20240212;104631;199.000000000;20;9587302257;B
20240212;104637;199.000000000;30;9587302977;B
20240212;104637;199.000000000;30;9587302978;B
20240212;104644;198.990000000;60;9587303637;B
20240212;104644;198.990000000;80;9587303657;B
20240212;104644;199.000000000;10;9587303658;B
20240212;104644;199.000000000;50;9587303659;B
20240212;104644;199.000000000;50;9587303660;B
20240212;104644;199.010000000;60;9587303661;B
20240212;104645;199.040000000;10;9587303680;B
20240212;104645;199.040000000;40;9587303681;B
20240212;104654;199.020000000;10;9587304603;B
20240212;104655;198.990000000;20;9587304644;S
20240212;104655;198.960000000;20;9587304645;S
20240212;104655;198.960000000;80;9587304646;S
20240212;104655;198.950000000;180;9587304647;S
20240212;104655;198.940000000;30;9587304648;S
20240212;104655;198.920000000;40;9587304649;S
20240212;104709;198.920000000;10;9587306387;S
20240212;104709;198.920000000;500;9587306388;S
20240212;104709;198.920000000;10;9587306389;S
20240212;104709;198.910000000;340;9587306390;S
20240212;104716;198.980000000;20;9587307541;B
20240212;104732;198.910000000;1580;9587309376;S
20240212;104732;198.910000000;10;9587309377;S
20240212;104732;198.910000000;30;9587309378;S
20240212;104732;198.910000000;30;9587309379;S
20240212;104732;198.910000000;200;9587309380;S
20240212;104732;198.910000000;140;9587309381;S
20240212;104732;198.910000000;80;9587309382;S
20240212;104732;198.910000000;20;9587309383;S
20240212;104732;198.910000000;10;9587309384;S
20240212;104732;198.900000000;20;9587309385;S
20240212;104732;198.900000000;10;9587309386;S
20240212;104732;198.900000000;500;9587309387;S
20240212;104732;198.900000000;10;9587309388;S
20240212;104732;198.900000000;10;9587309389;S
20240212;104732;198.890000000;10;9587309390;S
20240212;104732;198.870000000;500;9587309391;S
20240212;104732;198.870000000;10;9587309392;S
20240212;104732;198.870000000;10;9587309393;S
20240212;104732;198.860000000;180;9587309394;S
20240212;104732;198.850000000;200;9587309395;S
20240212;104732;198.850000000;10;9587309396;S
20240212;104732;198.830000000;10;9587309397;S
20240212;104732;198.820000000;30;9587309398;S
20240212;104732;198.820000000;20;9587309399;S
20240212;104732;198.820000000;1000;9587309400;S
20240212;104732;198.800000000;10;9587309401;S
20240212;104732;198.800000000;20;9587309402;S
20240212;104732;198.800000000;10;9587309403;S
20240212;104732;198.800000000;10;9587309404;S
20240212;104732;198.790000000;10;9587309405;S
20240212;104732;198.790000000;250;9587309406;S
20240212;104732;198.780000000;70;9587309407;S
20240212;104732;198.780000000;300;9587309408;S
20240212;104732;198.770000000;20;9587309409;S
20240212;104732;198.770000000;250;9587309410;S
20240212;104732;198.760000000;20;9587309411;S
20240212;104732;198.760000000;80;9587309412;S
20240212;104732;198.760000000;70;9587309413;S
20240212;104732;198.750000000;10;9587309414;S
20240212;104732;198.750000000;50;9587309415;S
20240212;104732;198.750000000;10;9587309416;S
20240212;104732;198.750000000;30;9587309417;S
20240212;104732;198.750000000;10;9587309418;S
20240212;104732;198.750000000;10;9587309419;S
20240212;104732;198.750000000;10;9587309420;S
20240212;104732;198.750000000;120;9587309421;S
20240212;104732;198.750000000;1510;9587309422;S
20240212;104732;198.740000000;600;9587309423;S
20240212;104732;198.730000000;1890;9587309424;S
20240212;104732;198.740000000;10;9587309427;S
20240212;104732;198.740000000;30;9587309443;S
20240212;104733;198.740000000;210;9587309468;S
20240212;104733;198.730000000;40;9587309469;S
20240212;104733;198.760000000;20;9587309476;S
20240212;104733;198.780000000;50;9587309512;B
20240212;104734;198.780000000;20;9587309538;S
20240212;104734;198.780000000;500;9587309667;S
20240212;104734;198.780000000;90;9587309668;S
20240212;104736;198.760000000;20;9587309843;S
20240212;104736;198.750000000;80;9587309844;S
20240212;104736;198.740000000;140;9587309845;S
20240212;104736;198.730000000;260;9587309846;S
20240212;104737;198.760000000;20;9587309995;B
20240212;104738;198.770000000;10;9587310022;B
20240212;104740;198.750000000;40;9587310359;S
20240212;104741;198.740000000;30;9587310422;S
20240212;104746;198.730000000;540;9587311025;S
20240212;104747;198.760000000;90;9587311202;B
20240212;104747;198.760000000;110;9587311203;B
20240212;104752;198.730000000;10;9587312139;S
20240212;104752;198.760000000;10;9587312178;B
20240212;104756;198.760000000;60;9587312641;B
20240212;104756;198.800000000;10;9587312752;B
20240212;104804;198.760000000;20;9587313493;S
20240212;104810;198.790000000;20;9587314544;B
20240212;104812;198.760000000;20;9587314808;S
20240212;104812;198.760000000;10;9587314809;S
20240212;104812;198.750000000;90;9587314812;S
20240212;104818;198.740000000;10;9587315454;S
20240212;104818;198.740000000;10;9587315455;S
20240212;104818;198.740000000;10;9587315456;S
20240212;104818;198.760000000;230;9587315516;B
20240212;104818;198.760000000;90;9587315517;B
20240212;104818;198.760000000;50;9587315518;B
20240212;104818;198.770000000;500;9587315519;B
20240212;104818;198.810000000;180;9587315520;B
20240212;104818;198.810000000;10;9587315521;B
20240212;104818;198.840000000;500;9587315522;B
20240212;104818;198.880000000;440;9587315523;B
20240212;104823;198.800000000;10;9587316114;S
20240212;104823;198.800000000;10;9587316115;S
20240212;104823;198.760000000;20;9587316116;S
20240212;104823;198.750000000;90;9587316117;S
20240212;104823;198.740000000;10;9587316118;S
20240212;104823;198.740000000;130;9587316119;S
20240212;104828;198.800000000;10;9587316627;S
20240212;104828;198.750000000;50;9587316628;S
20240212;104829;198.820000000;100;9587316658;B
20240212;104830;198.820000000;20;9587316772;B
20240212;104830;198.830000000;80;9587316773;B
20240212;104838;198.750000000;20;9587317556;S
20240212;104838;198.750000000;90;9587317557;S
20240212;104838;198.740000000;440;9587317558;S
20240212;104838;198.740000000;700;9587317559;S
20240212;104842;198.750000000;10;9587317928;S
20240212;104842;198.750000000;10;9587317929;S
20240212;104847;198.800000000;10;9587318685;B
20240212;104849;198.750000000;10;9587318982;S
20240212;104856;198.780000000;10;9587319804;B
20240212;104856;198.790000000;10;9587319805;B
20240212;104856;198.790000000;90;9587319806;B
20240212;104856;198.800000000;10;9587319807;B
20240212;104856;198.800000000;230;9587319808;B
20240212;104856;198.800000000;760;9587319809;S
20240212;104906;198.750000000;10;9587320894;S
20240212;104906;198.740000000;60;9587320895;S
20240212;104908;198.810000000;90;9587321095;B
20240212;104908;198.810000000;50;9587321096;B
20240212;104910;198.810000000;20;9587321347;B
20240212;104923;198.810000000;140;9587322731;B
20240212;104923;198.810000000;220;9587322732;B
20240212;104923;198.820000000;100;9587322733;B
20240212;104923;198.820000000;90;9587322734;B
20240212;104923;198.850000000;70;9587322735;B
20240212;104923;198.870000000;1820;9587322736;B
20240212;104923;198.880000000;20;9587322737;B
20240212;104923;198.880000000;500;9587322738;B
20240212;104923;198.900000000;1430;9587322739;B
20240212;104923;198.940000000;300;9587322740;B
20240212;104923;198.950000000;310;9587322741;B
20240212;104925;198.960000000;10;9587322930;B
20240212;104930;198.850000000;10;9587323587;S
20240212;104937;198.970000000;10;9587324769;B
20240212;104944;198.970000000;10;9587325420;B
20240212;104945;198.970000000;70;9587325502;B
20240212;104945;198.970000000;210;9587325503;B
20240212;104945;198.980000000;10;9587325504;B
20240212;104945;198.990000000;20;9587325505;B
20240212;104945;199.000000000;80;9587325506;B
20240212;104945;199.000000000;710;9587325507;B
20240212;104945;199.010000000;70;9587325508;B
20240212;104945;199.010000000;50;9587325576;B
20240212;104949;198.990000000;10;9587326135;B
20240212;104949;199.000000000;10;9587326136;B
20240212;104958;198.980000000;10;9587327275;B
20240212;104958;198.980000000;10;9587327300;B
20240212;105009;198.910000000;180;9587328724;S
20240212;105009;198.900000000;100;9587328725;S
20240212;105009;198.900000000;80;9587328726;S
20240212;105009;198.850000000;80;9587328727;S
20240212;105009;198.840000000;20;9587328728;S
20240212;105009;198.840000000;30;9587328729;S
20240212;105013;198.900000000;40;9587329118;B
20240212;105017;198.890000000;30;9587329422;B
20240212;105021;198.840000000;30;9587329781;S
20240212;105021;198.890000000;10;9587329806;B
20240212;105040;198.890000000;20;9587332298;B
20240212;105051;198.860000000;80;9587333270;S
20240212;105051;198.850000000;40;9587333271;S
20240212;105053;198.850000000;160;9587333361;S
20240212;105100;198.850000000;10;9587334068;B
20240212;105102;198.860000000;30;9587334350;S
20240212;105103;198.870000000;20;9587334384;B
20240212;105103;198.880000000;30;9587334385;B
20240212;105108;198.880000000;50;9587334812;B
20240212;105110;198.880000000;150;9587335000;B
20240212;105110;198.880000000;10;9587335001;B
20240212;105110;198.890000000;80;9587335002;B
20240212;105110;198.900000000;140;9587335003;B
20240212;105110;198.940000000;500;9587335004;B
20240212;105110;198.970000000;30;9587335005;B
20240212;105110;198.980000000;20;9587335006;B
20240212;105110;198.990000000;350;9587335007;B
20240212;105110;199.000000000;200;9587335008;B
20240212;105110;199.000000000;700;9587335009;B
20240212;105110;199.040000000;320;9587335010;B
20240212;105112;198.930000000;10;9587335217;S
20240212;105113;199.020000000;10;9587335272;B
20240212;105113;199.020000000;80;9587335273;B
20240212;105113;199.020000000;10;9587335274;B
20240212;105114;199.050000000;190;9587335389;B
20240212;105114;199.050000000;810;9587335390;B
20240212;105115;199.060000000;10;9587335563;B
20240212;105128;199.040000000;10;9587336908;B
20240212;105132;199.030000000;80;9587337351;B
20240212;105132;199.040000000;70;9587337352;B
20240212;105136;198.970000000;10;9587337872;S
20240212;105138;198.930000000;80;9587338064;B
20240212;105138;198.940000000;190;9587338065;B
20240212;105138;198.960000000;500;9587338066;B
20240212;105138;199.000000000;20;9587338067;B
20240212;105138;199.010000000;160;9587338068;B
20240212;105138;199.020000000;40;9587338069;B
20240212;105139;199.010000000;90;9587338214;B
20240212;105139;199.010000000;500;9587338215;B
20240212;105139;199.020000000;440;9587338216;B
20240212;105139;199.020000000;1000;9587338217;B
20240212;105139;199.030000000;80;9587338218;B
20240212;105139;199.030000000;190;9587338219;B
20240212;105139;199.060000000;200;9587338220;B
20240212;105139;199.060000000;60;9587338221;S
20240212;105139;199.060000000;40;9587338222;S
20240212;105141;199.000000000;20;9587338392;B
20240212;105153;199.000000000;10;9587339984;B
20240212;105159;199.000000000;10;9587340628;B
20240212;105200;199.000000000;50;9587340771;B
20240212;105201;199.000000000;10;9587341004;B
20240212;105206;199.000000000;10;9587341734;B
20240212;105215;199.000000000;10;9587343290;B
20240212;105216;198.940000000;70;9587343351;S
20240212;105220;199.000000000;10;9587343830;B
20240212;105221;199.000000000;30;9587344049;B
20240212;105221;199.030000000;40;9587344050;B
20240212;105221;199.040000000;190;9587344051;B
20240212;105221;199.040000000;10;9587344052;B
20240212;105221;199.050000000;500;9587344053;B
20240212;105221;199.050000000;1000;9587344054;B
20240212;105221;199.060000000;500;9587344055;B
20240212;105221;199.070000000;230;9587344056;B
20240212;105226;199.060000000;50;9587344747;B
20240212;105235;199.000000000;10;9587345785;S
20240212;105235;199.000000000;160;9587345786;S
20240212;105235;199.000000000;70;9587345787;S
20240212;105235;198.990000000;160;9587345788;S
20240212;105239;199.050000000;10;9587346171;B
20240212;105243;199.060000000;10;9587346485;B
20240212;105255;199.000000000;20;9587347612;S
20240212;105257;199.010000000;10;9587347838;S
20240212;105259;199.030000000;10;9587348085;B
20240212;105259;199.050000000;20;9587348086;B
20240212;105259;199.060000000;20;9587348087;B
20240212;105307;199.000000000;100;9587348865;S
20240212;105307;199.000000000;50;9587348866;S
20240212;105307;199.000000000;10;9587348867;S
20240212;105311;199.010000000;70;9587349357;B
20240212;105311;199.020000000;190;9587349358;B
20240212;105311;199.040000000;440;9587349359;B
20240212;105314;198.970000000;160;9587349581;S
20240212;105314;198.970000000;10;9587349582;S
20240212;105327;198.980000000;10;9587351394;B
20240212;105350;198.910000000;80;9587353612;S
20240212;105401;198.900000000;10;9587354572;S
20240212;105401;198.900000000;10;9587354573;S
20240212;105401;198.900000000;10;9587354574;S
20240212;105401;198.890000000;80;9587354586;S
20240212;105401;198.890000000;1820;9587354587;S
20240212;105401;198.880000000;1380;9587354588;S
20240212;105401;198.870000000;180;9587354589;S
20240212;105401;198.870000000;80;9587354590;S
20240212;105401;198.860000000;1800;9587354591;S
20240212;105401;198.860000000;20;9587354592;S
20240212;105401;198.850000000;640;9587354593;S
20240212;105407;198.850000000;40;9587355562;S
20240212;105414;198.850000000;310;9587356288;S
20240212;105416;198.850000000;2080;9587356533;S
20240212;105421;198.810000000;10;9587357175;S
20240212;105421;198.800000000;10;9587357176;S
20240212;105421;198.800000000;80;9587357177;S
20240212;105423;198.800000000;10;9587357303;S
20240212;105426;198.830000000;10;9587357644;B
20240212;105437;198.800000000;20;9587358589;S
20240212;105441;198.830000000;20;9587359044;B
20240212;105443;198.830000000;10;9587359358;B
20240212;105447;198.830000000;30;9587359743;B
20240212;105456;198.800000000;20;9587360732;S
20240212;105458;198.800000000;50;9587361047;S
20240212;105507;198.830000000;10;9587362008;B
20240212;105510;198.800000000;20;9587362306;S
20240212;105510;198.800000000;100;9587362307;S
20240212;105510;198.800000000;10;9587362308;S
20240212;105510;198.800000000;60;9587362309;S
20240212;105510;198.800000000;10;9587362310;S
20240212;105510;198.790000000;60;9587362311;S
20240212;105510;198.770000000;10;9587362312;S
20240212;105510;198.760000000;50;9587362313;S
20240212;105510;198.760000000;80;9587362314;B
20240212;105510;198.760000000;80;9587362315;B
20240212;105510;198.760000000;120;9587362316;B
20240212;105510;198.760000000;10;9587362337;B
20240212;105511;198.760000000;340;9587362386;B
20240212;105519;198.750000000;10;9587363325;S
20240212;105519;198.750000000;10;9587363326;S
20240212;105519;198.750000000;80;9587363327;S
20240212;105521;198.750000000;10;9587363474;S
20240212;105521;198.800000000;50;9587363485;B
20240212;105527;198.780000000;20;9587364014;S
20240212;105527;198.770000000;70;9587364015;S
20240212;105527;198.770000000;440;9587364016;S
20240212;105527;198.760000000;1000;9587364017;S
20240212;105527;198.750000000;20;9587364018;S
20240212;105527;198.750000000;140;9587364019;S
20240212;105527;198.740000000;10;9587364020;S
20240212;105527;198.730000000;300;9587364021;S
20240212;105534;198.800000000;50;9587364711;B
20240212;105534;198.800000000;10;9587364750;S
20240212;105541;198.800000000;10;9587365409;S
20240212;105541;198.800000000;110;9587365410;S
20240212;105541;198.800000000;70;9587365411;S
20240212;105541;198.770000000;10;9587365412;S
20240212;105541;198.750000000;20;9587365413;S
20240212;105541;198.750000000;80;9587365414;S
20240212;105547;198.830000000;80;9587365964;B
20240212;105547;198.830000000;20;9587365965;B
20240212;105548;198.830000000;10;9587365971;B
20240212;105559;198.820000000;10;9587366975;B
20240212;105559;198.830000000;20;9587366976;B
20240212;105559;198.830000000;20;9587366977;B
20240212;105600;198.810000000;40;9587367072;S
20240212;105605;198.810000000;30;9587367674;S
20240212;105605;198.800000000;250;9587367675;S
20240212;105623;198.810000000;10;9587369304;S
20240212;105633;198.810000000;10;9587370239;S
20240212;105635;198.810000000;10;9587370548;S
20240212;105639;198.810000000;10;9587371092;S
20240212;105642;198.830000000;10;9587371440;B
20240212;105650;198.830000000;10;9587372093;B
20240212;105650;198.830000000;50;9587372094;B
20240212;105650;198.840000000;60;9587372095;B
20240212;105650;198.840000000;40;9587372096;B
20240212;105656;198.830000000;40;9587372904;B
20240212;105656;198.830000000;50;9587372905;B
20240212;105656;198.840000000;150;9587372906;B
20240212;105656;198.850000000;40;9587372911;S
20240212;105656;198.850000000;50;9587372912;S
20240212;105656;198.850000000;40;9587372913;S
20240212;105656;198.850000000;50;9587372914;S
20240212;105656;198.850000000;40;9587372918;S
20240212;105656;198.850000000;50;9587372919;S
20240212;105656;198.850000000;40;9587372921;S
