<DATE>;<TIME>;<LAST>;<VOL>;<ID>;<OPER>
20240130;095955;204.550000000;10;9478389431;S
20240130;095955;204.550000000;20;9478389432;S
20240130;095955;204.550000000;80;9478389433;S
20240130;095955;204.550000000;10;9478389434;S
20240130;095955;204.550000000;10;9478389435;S
20240130;095955;204.550000000;10;9478389436;S
20240130;095955;204.550000000;890;9478389437;S
20240130;095955;204.550000000;100;9478389438;S
20240130;095955;204.550000000;540;9478389439;S
20240130;095955;204.550000000;150;9478389440;S
20240130;095955;204.550000000;10;9478389441;S
20240130;095955;204.550000000;10;9478389442;S
20240130;095955;204.550000000;250;9478389443;S
20240130;095955;204.550000000;200;9478389444;S
20240130;095955;204.550000000;50;9478389445;B
20240130;095955;204.550000000;20;9478389446;B
20240130;095955;204.550000000;30;9478389447;B
20240130;095955;204.550000000;250;9478389448;B
20240130;095955;204.550000000;270;9478389449;B
20240130;095955;204.550000000;30;9478389450;B
20240130;095955;204.550000000;10;9478389451;B
20240130;095955;204.550000000;20;9478389452;B
20240130;095955;204.550000000;10;9478389453;B
20240130;095955;204.550000000;50;9478389454;B
20240130;095955;204.550000000;20;9478389455;B
20240130;095955;204.550000000;10;9478389456;B
20240130;095955;204.550000000;380;9478389457;B
20240130;095955;204.550000000;300;9478389458;B
20240130;095955;204.550000000;10;9478389459;S
20240130;095955;204.550000000;50;9478389460;B
20240130;095955;204.550000000;40;9478389461;S
20240130;095955;204.550000000;220;9478389462;S
20240130;095955;204.550000000;480;9478389463;S
20240130;095955;204.550000000;10;9478389464;S
20240130;095955;204.550000000;50;9478389465;S
20240130;095955;204.550000000;60;9478389466;S
20240130;095955;204.550000000;30;9478389467;B
20240130;095955;204.550000000;170;9478389468;B
20240130;095955;204.550000000;10;9478389469;B
20240130;095955;204.550000000;80;9478389470;B
20240130;095955;204.550000000;740;9478389471;B
20240130;095955;204.550000000;260;9478389472;S
20240130;095955;204.550000000;540;9478389473;S
20240130;095955;204.550000000;460;9478389474;B
20240130;095955;204.550000000;40;9478389475;B
20240130;095955;204.550000000;20;9478389476;S
20240130;095955;204.550000000;20;9478389477;S
20240130;095955;204.550000000;750;9478389478;S
20240130;095955;204.550000000;170;9478389479;S
20240130;095955;204.550000000;250;9478389480;S
20240130;095955;204.550000000;10;9478389481;B
20240130;095955;204.550000000;60;9478389482;S
20240130;095955;204.550000000;400;9478389483;B
20240130;095955;204.550000000;100;9478389484;B
20240130;095955;204.550000000;100;9478389485;B
20240130;095955;204.550000000;10;9478389486;B
20240130;095955;204.550000000;10;9478389487;S
20240130;095955;204.550000000;500;9478389488;S
20240130;095955;204.550000000;500;9478389489;S
20240130;095955;204.550000000;100;9478389490;S
20240130;095955;204.550000000;10;9478389491;B
20240130;095955;204.550000000;110;9478389492;B
20240130;095955;204.550000000;40;9478389493;B
20240130;095955;204.550000000;110;9478389494;B
20240130;095955;204.550000000;890;9478389495;B
20240130;095955;204.550000000;10;9478389496;S
20240130;095955;204.550000000;10;9478389497;S
20240130;095955;204.550000000;10;9478389498;S
20240130;095955;204.550000000;100;9478389499;S
20240130;095955;204.550000000;1000;9478389500;S
20240130;095955;204.550000000;250;9478389501;S
20240130;095955;204.550000000;30;9478389502;S
20240130;095955;204.550000000;50;9478389503;S
20240130;095955;204.550000000;10;9478389504;S
20240130;095955;204.550000000;10;9478389505;S
20240130;095955;204.550000000;70;9478389506;S
20240130;095955;204.550000000;170;9478389507;S
20240130;095955;204.550000000;150;9478389508;S
20240130;095955;204.550000000;20;9478389509;S
20240130;095955;204.550000000;10;9478389510;S
20240130;095955;204.550000000;30;9478389511;S
20240130;095955;204.550000000;10;9478389512;S
20240130;095955;204.550000000;250;9478389513;S
20240130;095955;204.550000000;100;9478389514;S
20240130;095955;204.550000000;50;9478389515;S
20240130;095955;204.550000000;30;9478389516;S
20240130;095955;204.550000000;1500;9478389517;S
20240130;095955;204.550000000;30;9478389518;S
20240130;095955;204.550000000;10;9478389519;S
20240130;095955;204.550000000;100;9478389520;S
20240130;095955;204.550000000;100;9478389521;S
20240130;095955;204.550000000;150;9478389522;S
20240130;095955;204.550000000;10;9478389523;S
20240130;095955;204.550000000;2000;9478389524;S
20240130;095955;204.550000000;10;9478389525;S
20240130;095955;204.550000000;1340;9478389526;S
20240130;095955;204.550000000;100;9478389527;S
20240130;095955;204.550000000;20;9478389528;S
20240130;095955;204.550000000;10;9478389529;S
20240130;095955;204.550000000;10;9478389530;S
20240130;095955;204.550000000;100;9478389531;S
20240130;095955;204.550000000;20;9478389532;B
20240130;095955;204.550000000;1000;9478389533;B
20240130;095955;204.550000000;10;9478389534;S
20240130;095955;204.550000000;120;9478389535;S
20240130;095955;204.550000000;30;9478389536;B
20240130;095955;204.550000000;10;9478389537;S
20240130;095955;204.550000000;10;9478389538;S
20240130;095955;204.550000000;10;9478389539;B
20240130;095955;204.550000000;320;9478389540;B
20240130;095955;204.550000000;180;9478389541;B
20240130;095955;204.550000000;110;9478389542;S
20240130;095955;204.550000000;30;9478389543;B
20240130;095955;204.550000000;90;9478389544;S
20240130;095955;204.550000000;10;9478389545;S
20240130;095955;204.550000000;30;9478389546;S
20240130;095955;204.550000000;30;9478389547;S
20240130;095955;204.550000000;40;9478389548;S
20240130;095955;204.550000000;150;9478389549;S
20240130;095955;204.550000000;10;9478389550;S
20240130;095955;204.550000000;90;9478389551;S
20240130;095955;204.550000000;10;9478389552;S
20240130;095955;204.550000000;220;9478389553;S
20240130;095955;204.550000000;10;9478389554;S
20240130;095955;204.550000000;200;9478389555;B
20240130;095955;204.550000000;500;9478389556;S
20240130;095955;204.550000000;70;9478389557;S
20240130;095955;204.550000000;30;9478389558;S
20240130;095955;204.550000000;10;9478389559;S
20240130;095955;204.550000000;30;9478389560;S
20240130;095955;204.550000000;100;9478389561;S
20240130;095955;204.550000000;10;9478389562;S
20240130;095955;204.550000000;10;9478389563;S
20240130;095955;204.550000000;10;9478389564;S
20240130;095955;204.550000000;10;9478389565;B
20240130;095955;204.550000000;50;9478389566;S
20240130;095955;204.550000000;200;9478389567;B
20240130;095955;204.550000000;10;9478389568;B
20240130;100000;204.550000000;70;9478390483;B
20240130;100000;204.540000000;510;9478390691;B
20240130;100000;204.530000000;510;9478391094;S
20240130;100001;204.690000000;20;9478391789;B
20240130;100001;204.580000000;50;9478392034;S
20240130;100001;204.570000000;50;9478392035;S
20240130;100001;204.690000000;10;9478392154;B
20240130;100001;204.570000000;690;9478392302;S
20240130;100001;204.570000000;110;9478392303;S
20240130;100002;204.690000000;20;9478392405;B
20240130;100002;204.570000000;10;9478392604;S
20240130;100002;204.570000000;10;9478392704;S
20240130;100003;204.580000000;60;9478393494;S
20240130;100003;204.550000000;10;9478393495;S
20240130;100003;204.530000000;750;9478393496;S
20240130;100003;204.520000000;180;9478393497;S
20240130;100003;204.650000000;740;9478393757;B
20240130;100003;204.660000000;530;9478393758;B
20240130;100003;204.660000000;50;9478393759;B
20240130;100003;204.700000000;10;9478393760;B
20240130;100003;204.700000000;10;9478393761;B
20240130;100003;204.710000000;880;9478393762;B
20240130;100003;204.740000000;30;9478393763;B
20240130;100003;204.740000000;10;9478393764;B
20240130;100003;204.740000000;670;9478393765;B
20240130;100004;204.710000000;10;9478394324;B
20240130;100004;204.710000000;10;9478394325;B
20240130;100005;204.540000000;10;9478394464;S
20240130;100005;204.540000000;10;9478394545;S
20240130;100005;204.540000000;10;9478394546;S
20240130;100005;204.530000000;10;9478394584;S
20240130;100005;204.710000000;10;9478394677;B
20240130;100005;204.530000000;10;9478394752;S
20240130;100005;204.710000000;30;9478394754;B
20240130;100005;204.720000000;10;9478394755;B
20240130;100005;204.530000000;670;9478394759;S
20240130;100005;204.530000000;20;9478394760;S
20240130;100005;204.520000000;610;9478394761;S
20240130;100005;204.530000000;10;9478394879;S
20240130;100005;204.520000000;10;9478394898;S
20240130;100005;204.710000000;150;9478395118;B
20240130;100005;204.710000000;300;9478395121;B
20240130;100005;204.580000000;10;9478395123;S
20240130;100005;204.520000000;30;9478395124;S
20240130;100005;204.520000000;50;9478395426;S
20240130;100005;204.520000000;10;9478395440;S
20240130;100005;204.720000000;20;9478395641;B
20240130;100005;204.520000000;20;9478395643;S
20240130;100006;204.720000000;10;9478395852;B
20240130;100006;204.520000000;50;9478395853;S
20240130;100006;204.520000000;30;9478396144;S
20240130;100006;204.520000000;10;9478396146;S
20240130;100006;204.710000000;20;9478396434;B
20240130;100006;204.740000000;210;9478396459;B
20240130;100006;204.500000000;10;9478396460;S
20240130;100006;204.520000000;40;9478396673;S
20240130;100006;204.520000000;40;9478396705;S
20240130;100006;204.730000000;20;9478396942;B
20240130;100007;204.550000000;100;9478397284;S
20240130;100007;204.540000000;10;9478397285;S
20240130;100007;204.520000000;490;9478397286;S
20240130;100007;204.500000000;10;9478397709;S
20240130;100007;204.500000000;100;9478397754;S
20240130;100007;204.500000000;40;9478397755;S
20240130;100007;204.490000000;510;9478397756;S
20240130;100007;204.490000000;10;9478397820;S
20240130;100007;204.680000000;10;9478397996;B
20240130;100007;204.490000000;10;9478398002;S
20240130;100008;204.680000000;10;9478398152;B
20240130;100008;204.680000000;10;9478398153;B
20240130;100008;204.680000000;30;9478398154;B
20240130;100008;204.680000000;10;9478398156;B
20240130;100008;204.560000000;10;9478398259;S
20240130;100008;204.560000000;10;9478398263;S
20240130;100008;204.560000000;10;9478398310;S
20240130;100008;204.560000000;40;9478398389;S
20240130;100008;204.550000000;1060;9478398390;S
20240130;100008;204.660000000;10;9478398546;B
20240130;100008;204.660000000;90;9478398547;B
20240130;100008;204.690000000;60;9478398548;B
20240130;100008;204.550000000;20;9478398550;S
20240130;100008;204.550000000;240;9478398551;S
20240130;100009;204.550000000;90;9478398753;S
20240130;100009;204.580000000;10;9478398904;S
20240130;100009;204.550000000;10;9478398905;S
20240130;100010;204.550000000;30;9478399257;S
20240130;100010;204.550000000;10;9478399404;S
20240130;100010;204.550000000;280;9478399412;S
20240130;100011;204.680000000;20;9478399608;B
20240130;100012;204.570000000;10;9478400155;S
20240130;100012;204.660000000;10;9478400507;B
20240130;100013;204.670000000;50;9478400648;B
20240130;100013;204.680000000;490;9478400649;B
20240130;100013;204.690000000;70;9478400650;B
20240130;100013;204.690000000;40;9478400651;B
20240130;100013;204.730000000;1760;9478400652;B
20240130;100013;204.730000000;590;9478400653;B
20240130;100014;204.720000000;10;9478401403;B
20240130;100017;204.710000000;40;9478402344;B
20240130;100017;204.710000000;960;9478402345;B
20240130;100018;204.710000000;40;9478402649;B
20240130;100018;204.720000000;390;9478402650;B
20240130;100019;204.720000000;110;9478403078;B
20240130;100019;204.730000000;30;9478403079;B
20240130;100019;204.790000000;360;9478403080;B
20240130;100019;204.720000000;30;9478403081;S
20240130;100019;204.710000000;80;9478403082;S
20240130;100019;204.710000000;10;9478403083;S
20240130;100019;204.710000000;10;9478403084;S
20240130;100021;204.710000000;150;9478403901;B
20240130;100021;204.710000000;1220;9478403902;B
20240130;100021;204.710000000;130;9478403903;B
20240130;100021;204.720000000;40;9478403904;B
20240130;100021;204.720000000;490;9478403905;B
20240130;100023;204.680000000;590;9478404376;S
20240130;100023;204.680000000;50;9478404377;S
20240130;100023;204.670000000;500;9478404378;S
20240130;100023;204.670000000;970;9478404379;S
20240130;100023;204.670000000;30;9478404380;S
20240130;100023;204.660000000;160;9478404381;S
20240130;100023;204.660000000;40;9478404382;S
20240130;100023;204.630000000;50;9478404383;S
20240130;100025;204.600000000;740;9478404826;S
20240130;100025;204.600000000;180;9478404827;S
20240130;100025;204.600000000;470;9478404829;B
20240130;100025;204.600000000;150;9478404890;B
20240130;100026;204.600000000;20;9478405105;B
20240130;100027;204.590000000;20;9478405120;S
20240130;100027;204.590000000;30;9478405158;S
20240130;100027;204.590000000;120;9478405159;S
20240130;100028;204.590000000;10;9478405413;S
20240130;100029;204.590000000;40;9478405555;S
20240130;100030;204.600000000;30;9478405864;B
20240130;100031;204.600000000;20;9478405976;B
20240130;100031;204.590000000;510;9478406015;S
20240130;100031;204.590000000;150;9478406018;S
20240130;100031;204.600000000;240;9478406213;B
20240130;100033;204.600000000;10;9478406584;B
20240130;100034;204.590000000;50;9478406901;S
20240130;100035;204.590000000;90;9478407076;S
20240130;100035;204.590000000;120;9478407077;S
20240130;100035;204.590000000;20;9478407078;S
20240130;100036;204.590000000;10;9478407153;S
20240130;100036;204.590000000;110;9478407253;S
20240130;100036;204.590000000;120;9478407254;S
20240130;100036;204.590000000;70;9478407255;S
20240130;100036;204.590000000;140;9478407256;S
20240130;100036;204.590000000;110;9478407257;S
20240130;100036;204.590000000;50;9478407258;S
20240130;100036;204.590000000;10;9478407259;S
20240130;100036;204.590000000;20;9478407260;S
20240130;100036;204.590000000;50;9478407261;S
20240130;100036;204.590000000;40;9478407262;S
20240130;100036;204.590000000;100;9478407263;S
20240130;100036;204.590000000;520;9478407264;S
20240130;100036;204.590000000;140;9478407265;S
20240130;100036;204.590000000;10;9478407266;S
20240130;100036;204.590000000;280;9478407267;S
20240130;100036;204.590000000;50;9478407268;S
20240130;100036;204.590000000;90;9478407269;S
20240130;100037;204.580000000;100;9478407544;S
20240130;100037;204.560000000;70;9478407545;S
20240130;100037;204.560000000;370;9478407546;S
20240130;100039;204.590000000;10;9478407917;B
20240130;100039;204.560000000;80;9478407921;S
20240130;100040;204.590000000;250;9478408043;B
20240130;100040;204.580000000;10;9478408156;B
20240130;100041;204.580000000;10;9478408291;B
20240130;100042;204.560000000;50;9478408505;S
20240130;100043;204.560000000;10;9478408680;S
20240130;100043;204.560000000;10;9478408729;S
20240130;100043;204.560000000;10;9478408802;S
20240130;100044;204.560000000;100;9478408919;S
20240130;100044;204.550000000;260;9478408920;S
20240130;100044;204.550000000;60;9478408921;S
20240130;100044;204.520000000;10;9478408922;S
20240130;100044;204.480000000;50;9478408923;S
20240130;100044;204.460000000;60;9478408924;S
20240130;100044;204.450000000;130;9478408925;S
20240130;100044;204.570000000;60;9478408953;B
20240130;100044;204.570000000;140;9478408954;B
20240130;100044;204.450000000;90;9478409010;S
20240130;100045;204.570000000;60;9478409189;B
20240130;100045;204.560000000;10;9478409276;B
20240130;100045;204.570000000;90;9478409277;B
20240130;100046;204.550000000;20;9478409320;B
20240130;100046;204.550000000;50;9478409356;B
20240130;100046;204.550000000;10;9478409423;B
20240130;100047;204.450000000;10;9478409540;S
20240130;100048;204.450000000;20;9478409843;S
20240130;100048;204.500000000;10;9478409863;B
20240130;100048;204.450000000;10;9478409946;S
20240130;100049;204.490000000;10;9478410047;B
20240130;100050;204.480000000;10;9478410265;B
20240130;100051;204.450000000;340;9478410342;S
20240130;100051;204.440000000;10;9478410343;S
20240130;100051;204.440000000;60;9478410344;S
20240130;100051;204.420000000;10;9478410345;S
20240130;100051;204.420000000;10;9478410346;S
20240130;100051;204.400000000;160;9478410347;S
20240130;100051;204.410000000;970;9478410455;S
20240130;100051;204.400000000;550;9478410456;S
20240130;100051;204.410000000;150;9478410457;S
20240130;100051;204.410000000;300;9478410474;S
20240130;100053;204.410000000;90;9478411437;S
20240130;100053;204.440000000;10;9478411930;B
20240130;100053;204.450000000;100;9478411933;B
20240130;100053;204.490000000;490;9478411939;B
20240130;100053;204.490000000;970;9478411986;S
20240130;100053;204.480000000;60;9478411987;S
20240130;100053;204.400000000;290;9478411988;S
20240130;100053;204.380000000;10;9478411989;S
20240130;100053;204.380000000;50;9478411990;S
20240130;100053;204.330000000;920;9478411991;S
20240130;100053;204.410000000;200;9478412016;S
20240130;100055;204.440000000;40;9478412518;S
20240130;100055;204.440000000;930;9478412523;S
20240130;100055;204.430000000;50;9478412524;S
20240130;100055;204.420000000;60;9478412525;S
20240130;100055;204.390000000;450;9478412526;B
20240130;100055;204.400000000;550;9478412527;B
20240130;100055;204.400000000;130;9478412549;B
20240130;100056;204.310000000;100;9478412656;S
20240130;100056;204.300000000;70;9478412657;S
20240130;100056;204.300000000;330;9478412658;S
20240130;100056;204.390000000;1000;9478412680;B
20240130;100057;204.400000000;30;9478412810;B
20240130;100057;204.300000000;10;9478413009;S
20240130;100057;204.290000000;40;9478413010;S
20240130;100057;204.390000000;10;9478413089;B
20240130;100057;204.390000000;10;9478413111;B
20240130;100059;204.290000000;260;9478413402;S
20240130;100059;204.290000000;30;9478413403;S
20240130;100059;204.290000000;40;9478413404;S
20240130;100059;204.280000000;60;9478413405;S
20240130;100059;204.280000000;60;9478413406;S
20240130;100100;204.300000000;30;9478413576;S
20240130;100100;204.300000000;3090;9478413665;S
20240130;100101;204.300000000;20;9478413765;S
20240130;100101;204.300000000;510;9478413795;S
20240130;100101;204.390000000;30;9478413857;B
20240130;100101;204.330000000;60;9478413975;S
20240130;100101;204.320000000;580;9478413976;S
20240130;100102;204.320000000;50;9478414187;S
20240130;100103;204.320000000;370;9478414237;S
20240130;100103;204.310000000;60;9478414238;S
20240130;100103;204.300000000;1350;9478414239;S
20240130;100103;204.290000000;970;9478414240;S
20240130;100103;204.270000000;50;9478414241;S
20240130;100103;204.270000000;10;9478414242;S
20240130;100103;204.230000000;60;9478414243;S
20240130;100103;204.220000000;1760;9478414244;S
20240130;100103;204.210000000;370;9478414245;S
20240130;100103;204.240000000;580;9478414263;B
20240130;100103;204.320000000;30;9478414393;S
20240130;100103;204.210000000;60;9478414508;S
20240130;100103;204.210000000;40;9478414509;S
20240130;100105;204.220000000;1490;9478414805;B
20240130;100105;204.210000000;230;9478414806;S
20240130;100105;204.200000000;30;9478414859;S
20240130;100105;204.200000000;40;9478414860;S
20240130;100105;204.160000000;60;9478414861;S
20240130;100105;204.160000000;870;9478414862;S
20240130;100107;204.200000000;210;9478415147;S
20240130;100108;204.200000000;20;9478415299;S
20240130;100108;204.200000000;10;9478415377;S
20240130;100109;204.200000000;60;9478415517;S
20240130;100110;204.240000000;10;9478415746;S
20240130;100110;204.210000000;60;9478415747;S
20240130;100110;204.200000000;1200;9478415748;S
20240130;100110;204.140000000;630;9478415749;S
20240130;100110;204.140000000;30;9478415750;S
20240130;100110;204.130000000;1750;9478415751;S
20240130;100110;204.120000000;10;9478415752;S
20240130;100110;204.120000000;160;9478415753;S
20240130;100110;204.110000000;800;9478415754;S
20240130;100110;204.110000000;970;9478415755;S
20240130;100110;204.100000000;380;9478415756;S
20240130;100111;204.110000000;100;9478415828;S
20240130;100111;204.180000000;100;9478415829;S
20240130;100111;204.110000000;80;9478415830;S
20240130;100111;204.100000000;180;9478415831;S
20240130;100111;204.100000000;450;9478415882;S
20240130;100112;204.120000000;60;9478416153;S
20240130;100112;204.100000000;140;9478416154;S
20240130;100112;204.100000000;490;9478416166;S
20240130;100112;204.100000000;20;9478416236;S
20240130;100114;204.100000000;10;9478416505;S
20240130;100115;204.100000000;3330;9478416637;S
20240130;100115;204.100000000;500;9478416638;S
20240130;100115;204.100000000;500;9478416639;S
20240130;100115;204.100000000;30;9478416640;S
20240130;100115;204.100000000;30;9478416641;S
20240130;100115;204.060000000;10;9478416696;S
20240130;100115;204.060000000;10;9478416697;S
20240130;100116;204.060000000;90;9478416837;S
20240130;100116;204.060000000;80;9478416838;S
20240130;100116;204.050000000;280;9478416839;S
20240130;100116;204.050000000;760;9478416861;S
20240130;100116;204.070000000;40;9478417011;B
20240130;100116;204.050000000;40;9478417067;S
20240130;100117;204.050000000;500;9478417175;S
20240130;100117;204.050000000;4000;9478417336;S
20240130;100118;204.050000000;650;9478417380;S
20240130;100118;204.070000000;1370;9478417464;B
20240130;100118;204.080000000;70;9478417465;B
20240130;100118;204.100000000;610;9478417466;B
20240130;100118;204.100000000;250;9478417467;B
20240130;100119;204.100000000;100;9478417512;S
20240130;100119;204.100000000;700;9478417551;S
20240130;100120;204.100000000;1900;9478417650;S
20240130;100120;204.080000000;80;9478417651;S
20240130;100120;204.050000000;1770;9478417652;S
20240130;100120;204.050000000;30;9478417653;S
20240130;100120;204.050000000;10;9478417654;S
20240130;100120;204.040000000;100;9478417655;S
20240130;100120;204.030000000;10;9478417656;S
20240130;100120;204.030000000;500;9478417657;S
20240130;100120;204.030000000;30;9478417658;S
20240130;100120;204.030000000;3000;9478417659;S
20240130;100120;204.030000000;980;9478417660;S
20240130;100120;204.020000000;1000;9478417661;S
20240130;100120;204.020000000;10;9478417662;S
20240130;100120;204.020000000;20;9478417663;S
20240130;100120;204.010000000;1000;9478417664;S
20240130;100120;204.010000000;50;9478417665;S
20240130;100120;204.010000000;10;9478417666;S
20240130;100120;204.010000000;10;9478417667;S
20240130;100120;204.000000000;10;9478417668;S
20240130;100120;204.000000000;70;9478417669;S
20240130;100120;204.000000000;50;9478417670;S
20240130;100120;204.000000000;10;9478417671;S
20240130;100120;204.000000000;20;9478417672;S
20240130;100120;204.000000000;100;9478417673;S
20240130;100120;204.000000000;500;9478417674;S
20240130;100120;204.000000000;60;9478417675;S
20240130;100120;204.000000000;10;9478417676;S
20240130;100120;204.000000000;50;9478417677;S
20240130;100120;204.000000000;10;9478417678;S
20240130;100120;204.000000000;610;9478417679;S
20240130;100120;204.000000000;10;9478417680;S
20240130;100120;204.000000000;50;9478417681;S
20240130;100120;204.000000000;430;9478417682;S
20240130;100120;204.010000000;50;9478417683;S
20240130;100120;204.010000000;20;9478417686;S
20240130;100120;204.010000000;10;9478417687;S
20240130;100120;204.010000000;30;9478417688;S
20240130;100120;204.010000000;300;9478417732;S
20240130;100120;204.010000000;200;9478417734;S
20240130;100120;204.020000000;10;9478417758;S
20240130;100120;204.000000000;190;9478417760;S
20240130;100120;204.000000000;200;9478417779;S
20240130;100120;204.000000000;70;9478417781;S
20240130;100120;204.000000000;90;9478417782;S
20240130;100120;204.010000000;10;9478417792;S
20240130;100120;204.020000000;50;9478417810;B
20240130;100120;204.000000000;20;9478417811;S
20240130;100120;204.000000000;30;9478417812;S
20240130;100120;204.000000000;220;9478417813;S
20240130;100120;204.000000000;200;9478417814;S
20240130;100120;204.000000000;10;9478417815;S
20240130;100120;204.000000000;10;9478417816;S
20240130;100120;204.000000000;50;9478417817;S
20240130;100120;204.000000000;10;9478417818;S
20240130;100120;204.000000000;60;9478417819;S
20240130;100120;204.000000000;100;9478417820;S
20240130;100120;204.000000000;50;9478417821;S
20240130;100120;204.000000000;10;9478417822;S
20240130;100120;204.000000000;80;9478417823;S
20240130;100120;204.000000000;10;9478417824;S
20240130;100120;204.000000000;10;9478417825;S
20240130;100120;204.000000000;80;9478417826;S
20240130;100120;203.980000000;10;9478417827;S
20240130;100120;203.980000000;80;9478417828;S
20240130;100120;203.960000000;50;9478417829;S
20240130;100120;203.960000000;80;9478417830;S
20240130;100120;203.950000000;10;9478417831;S
20240130;100120;203.950000000;150;9478417832;S
20240130;100120;203.950000000;100;9478417833;S
20240130;100120;203.930000000;400;9478417834;S
20240130;100120;203.920000000;2000;9478417835;S
20240130;100120;203.920000000;610;9478417836;S
20240130;100120;204.010000000;70;9478417837;B
20240130;100120;203.940000000;40;9478417851;S
20240130;100120;203.930000000;70;9478417852;S
20240130;100120;203.920000000;590;9478417853;S
20240130;100121;204.000000000;50;9478417947;B
20240130;100121;204.000000000;10;9478417987;B
20240130;100121;203.920000000;700;9478417995;S
20240130;100121;203.920000000;70;9478417996;S
20240130;100121;204.000000000;150;9478417997;B
20240130;100121;204.010000000;80;9478417998;B
20240130;100121;204.010000000;1760;9478417999;B
20240130;100121;204.020000000;3000;9478418000;B
20240130;100121;203.920000000;30;9478418003;S
20240130;100121;203.920000000;50;9478418004;S
20240130;100121;203.910000000;80;9478418005;S
20240130;100121;203.910000000;1760;9478418006;S
20240130;100121;203.900000000;10;9478418007;S
20240130;100121;203.900000000;60;9478418008;S
20240130;100121;203.900000000;250;9478418009;S
20240130;100121;203.900000000;1760;9478418010;S
20240130;100121;203.900000000;70;9478418103;S
20240130;100121;203.900000000;450;9478418112;S
20240130;100121;203.900000000;700;9478418124;S
20240130;100121;204.000000000;10;9478418126;B
20240130;100121;204.000000000;70;9478418127;B
20240130;100121;204.000000000;100;9478418128;B
20240130;100121;204.010000000;80;9478418129;B
20240130;100121;204.020000000;1660;9478418130;B
20240130;100121;204.110000000;80;9478418131;B
20240130;100121;204.110000000;3000;9478418132;S
20240130;100122;204.000000000;10;9478418349;S
20240130;100122;203.900000000;20;9478418350;S
20240130;100122;203.900000000;240;9478418351;B
20240130;100122;203.890000000;10;9478418365;S
20240130;100124;203.880000000;120;9478418825;S
20240130;100124;203.880000000;250;9478418828;S
20240130;100124;203.880000000;330;9478418833;S
20240130;100124;203.880000000;10;9478418834;S
20240130;100124;203.880000000;660;9478418835;S
20240130;100124;204.010000000;10;9478418837;S
20240130;100125;203.880000000;320;9478418910;S
20240130;100125;203.880000000;50;9478418911;S
20240130;100125;203.870000000;10;9478418912;S
20240130;100125;203.870000000;80;9478418913;S
20240130;100125;203.860000000;340;9478418914;S
20240130;100125;203.880000000;570;9478418928;B
20240130;100125;203.860000000;60;9478418995;S
20240130;100126;204.000000000;50;9478419013;B
20240130;100126;204.000000000;90;9478419014;B
20240130;100126;204.030000000;80;9478419015;B
20240130;100126;204.030000000;160;9478419016;B
20240130;100126;204.040000000;1760;9478419017;B
20240130;100126;204.050000000;2000;9478419018;B
20240130;100126;204.080000000;500;9478419019;B
20240130;100126;204.110000000;300;9478419020;B
20240130;100126;204.120000000;460;9478419021;B
20240130;100126;203.930000000;1000;9478419055;S
20240130;100126;204.100000000;450;9478419079;B
20240130;100128;204.050000000;90;9478419261;S
20240130;100128;204.000000000;10;9478419262;S
20240130;100128;203.950000000;1210;9478419263;S
20240130;100128;203.940000000;300;9478419264;S
20240130;100128;203.930000000;800;9478419265;S
20240130;100128;203.870000000;740;9478419266;S
20240130;100128;203.860000000;1060;9478419267;S
20240130;100130;203.970000000;20;9478419695;S
20240130;100130;203.920000000;40;9478419696;S
20240130;100130;204.040000000;10;9478419744;B
20240130;100131;203.920000000;10;9478419934;S
20240130;100131;203.920000000;10;9478419935;S
20240130;100131;203.900000000;10;9478419936;S
20240130;100131;203.900000000;580;9478419937;S
20240130;100131;203.900000000;10;9478419938;S
20240130;100132;203.910000000;70;9478420067;S
20240130;100132;203.900000000;160;9478420068;S
20240130;100132;203.890000000;4000;9478420069;S
20240130;100133;203.860000000;10;9478420075;S
20240130;100133;203.860000000;30;9478420146;S
20240130;100133;203.850000000;10;9478420147;S
20240130;100133;203.810000000;120;9478420148;S
20240130;100133;203.800000000;10;9478420149;S
20240130;100133;203.800000000;330;9478420150;S
20240130;100133;203.800000000;670;9478420181;S
20240130;100133;203.800000000;1460;9478420182;S
20240130;100133;203.800000000;100;9478420196;S
20240130;100133;203.800000000;10;9478420224;S
20240130;100133;203.800000000;20;9478420225;S
20240130;100133;203.800000000;60;9478420226;S
20240130;100133;203.790000000;970;9478420227;S
20240130;100133;203.780000000;50;9478420228;S
20240130;100134;203.800000000;50;9478420349;S
20240130;100134;203.800000000;210;9478420399;S
20240130;100134;203.800000000;260;9478420414;S
20240130;100135;203.800000000;80;9478420442;S
20240130;100135;203.800000000;490;9478420443;B
20240130;100137;203.780000000;10;9478420744;S
20240130;100137;203.770000000;10;9478420813;S
20240130;100138;203.770000000;50;9478420939;S
20240130;100138;203.770000000;90;9478420985;S
20240130;100138;203.760000000;10;9478420986;S
20240130;100138;203.750000000;10;9478420987;S
20240130;100138;203.750000000;10;9478420988;S
20240130;100138;203.750000000;80;9478420989;S
20240130;100138;203.730000000;40;9478420990;S
20240130;100139;203.840000000;100;9478421015;B
20240130;100139;203.850000000;200;9478421016;B
20240130;100139;203.880000000;200;9478421017;B
20240130;100139;203.870000000;200;9478421018;S
20240130;100139;203.870000000;100;9478421019;S
20240130;100139;203.740000000;60;9478421080;S
20240130;100139;203.740000000;140;9478421081;S
20240130;100139;203.870000000;100;9478421096;S
20240130;100139;203.890000000;770;9478421188;B
20240130;100140;203.900000000;10;9478421354;B
20240130;100141;203.890000000;230;9478421477;S
20240130;100141;203.880000000;70;9478421478;S
20240130;100141;203.800000000;10;9478421479;S
20240130;100141;203.800000000;60;9478421480;S
20240130;100141;203.800000000;740;9478421481;S
20240130;100141;203.790000000;630;9478421482;S
20240130;100141;203.780000000;3260;9478421483;B
20240130;100141;203.890000000;200;9478421587;S
20240130;100141;203.800000000;250;9478421588;S
20240130;100141;203.770000000;250;9478421589;S
20240130;100142;203.780000000;30;9478421819;S
20240130;100142;203.890000000;10;9478421828;B
20240130;100143;203.780000000;280;9478421953;S
20240130;100143;203.840000000;10;9478422046;B
20240130;100143;203.770000000;10;9478422054;S
20240130;100143;203.770000000;1000;9478422075;S
20240130;100143;203.770000000;10;9478422141;S
20240130;100143;203.770000000;50;9478422157;S
20240130;100143;203.760000000;20;9478422158;S
20240130;100144;203.740000000;90;9478422213;S
20240130;100144;203.740000000;110;9478422252;S
20240130;100144;203.720000000;90;9478422253;S
20240130;100144;203.800000000;250;9478422281;S
20240130;100145;203.800000000;10;9478422384;S
20240130;100145;203.800000000;240;9478422484;S
20240130;100146;203.730000000;320;9478422588;S
20240130;100146;203.720000000;180;9478422589;S
20240130;100146;203.790000000;740;9478422605;B
20240130;100146;203.790000000;260;9478422606;B
20240130;100146;203.720000000;730;9478422607;S
20240130;100146;203.720000000;270;9478422608;S
20240130;100146;203.720000000;710;9478422612;S
20240130;100146;203.710000000;20;9478422613;S
20240130;100146;203.700000000;10;9478422614;S
20240130;100146;203.700000000;250;9478422615;S
20240130;100146;203.700000000;60;9478422616;S
20240130;100146;203.700000000;100;9478422617;S
20240130;100146;203.700000000;20;9478422618;S
20240130;100146;203.670000000;100;9478422619;S
20240130;100146;203.660000000;50;9478422620;S
20240130;100146;203.660000000;80;9478422621;S
20240130;100146;203.650000000;10;9478422622;S
20240130;100146;203.650000000;590;9478422623;S
20240130;100146;203.780000000;10;9478422635;B
20240130;100146;203.770000000;80;9478422643;B
20240130;100146;203.770000000;10;9478422644;B
20240130;100146;203.780000000;730;9478422645;B
20240130;100146;203.780000000;1760;9478422646;B
20240130;100146;203.780000000;420;9478422647;S
20240130;100146;203.670000000;70;9478422678;S
20240130;100146;203.650000000;120;9478422679;S
20240130;100146;203.730000000;100;9478422741;B
20240130;100147;203.730000000;10;9478422768;S
20240130;100147;203.760000000;20;9478422803;B
20240130;100147;203.760000000;180;9478422822;B
20240130;100147;203.790000000;240;9478422823;B
20240130;100147;203.800000000;80;9478422824;B
20240130;100148;203.710000000;160;9478423048;S
20240130;100148;203.700000000;20;9478423049;S
20240130;100148;203.700000000;20;9478423050;S
20240130;100148;203.700000000;300;9478423051;B
20240130;100150;203.770000000;30;9478423414;B
20240130;100150;203.790000000;50;9478423415;B
20240130;100150;203.800000000;240;9478423416;B
20240130;100150;203.810000000;200;9478423476;B
20240130;100151;203.810000000;80;9478423515;B
20240130;100151;203.800000000;20;9478423646;S
20240130;100152;203.770000000;80;9478423710;B
20240130;100152;203.770000000;300;9478423742;B
20240130;100156;203.800000000;10;9478424442;S
20240130;100156;203.800000000;120;9478424475;S
20240130;100156;203.800000000;10;9478424476;S
20240130;100156;203.760000000;70;9478424477;S
20240130;100156;203.750000000;50;9478424478;S
20240130;100156;203.730000000;30;9478424479;S
20240130;100158;203.730000000;50;9478424735;S
20240130;100158;203.720000000;740;9478424736;S
20240130;100158;203.720000000;10;9478424737;S
20240130;100158;203.730000000;40;9478424790;S
20240130;100158;203.730000000;70;9478424791;S
20240130;100158;203.720000000;740;9478424792;S
20240130;100158;203.710000000;600;9478424793;S
20240130;100158;203.700000000;2000;9478424794;S
20240130;100158;203.700000000;60;9478424795;S
20240130;100158;203.700000000;6980;9478424796;B
20240130;100158;203.700000000;5510;9478424820;B
20240130;100158;203.740000000;70;9478424821;B
20240130;100158;203.800000000;2500;9478424822;B
20240130;100158;203.890000000;20;9478424823;B
20240130;100158;203.900000000;40;9478424824;B
20240130;100158;203.900000000;400;9478424825;B
20240130;100158;203.930000000;200;9478424826;B
20240130;100158;203.930000000;50;9478424827;B
20240130;100158;203.940000000;1220;9478424828;B
20240130;100158;203.930000000;10;9478424843;B
20240130;100158;203.950000000;90;9478424844;S
20240130;100158;203.940000000;50;9478424847;B
20240130;100201;203.730000000;100;9478425149;B
20240130;100201;203.800000000;10;9478425175;B
20240130;100203;203.730000000;20;9478425511;S
20240130;100203;203.720000000;10;9478425512;S
20240130;100203;203.710000000;70;9478425513;S
20240130;100203;203.710000000;500;9478425514;S
20240130;100203;203.700000000;180;9478425515;S
20240130;100203;203.700000000;100;9478425516;S
20240130;100203;203.700000000;190;9478425517;B
20240130;100203;203.700000000;10;9478425580;B
20240130;100204;203.700000000;3910;9478425743;B
20240130;100204;203.700000000;1090;9478425744;B
20240130;100204;203.700000000;1860;9478425752;B
20240130;100204;203.700000000;2000;9478425758;B
20240130;100204;203.700000000;50;9478425759;B
20240130;100204;203.680000000;10;9478425784;S
20240130;100204;203.670000000;740;9478425785;S
20240130;100204;203.670000000;500;9478425786;S
20240130;100204;203.660000000;750;9478425787;S
20240130;100204;203.730000000;190;9478425808;B
20240130;100205;203.800000000;60;9478425868;B
20240130;100205;203.800000000;180;9478425869;B
20240130;100205;203.870000000;100;9478425870;B
20240130;100205;203.910000000;160;9478425871;B
20240130;100206;203.810000000;180;9478425991;S
20240130;100206;203.810000000;500;9478425992;S
20240130;100206;203.730000000;10;9478425993;S
20240130;100206;203.730000000;160;9478425994;S
20240130;100206;203.720000000;200;9478425995;S
20240130;100206;203.700000000;3950;9478425996;B
20240130;100207;203.780000000;10;9478426212;S
20240130;100207;203.780000000;500;9478426213;S
20240130;100207;203.780000000;180;9478426214;S
20240130;100207;203.770000000;70;9478426215;S
20240130;100207;203.700000000;200;9478426231;B
20240130;100207;203.700000000;500;9478426234;B
20240130;100208;203.700000000;70;9478426255;B
20240130;100208;203.700000000;100;9478426362;B
20240130;100209;203.680000000;10;9478426541;S
20240130;100209;203.680000000;90;9478426543;B
20240130;100209;203.700000000;110;9478426544;B
20240130;100210;203.690000000;40;9478426803;S
20240130;100210;203.690000000;140;9478426850;S
20240130;100211;203.690000000;100;9478426882;S
20240130;100211;203.690000000;30;9478426943;S
20240130;100211;203.690000000;70;9478426975;S
20240130;100211;203.690000000;70;9478427016;S
20240130;100211;203.700000000;300;9478427071;B
20240130;100212;203.690000000;10;9478427246;S
20240130;100212;203.690000000;100;9478427259;S
20240130;100212;203.690000000;50;9478427265;S
20240130;100212;203.690000000;40;9478427325;S
20240130;100212;203.690000000;80;9478427326;S
20240130;100213;203.690000000;30;9478427472;S
20240130;100213;203.690000000;10;9478427484;S
20240130;100213;203.700000000;30;9478427500;B
20240130;100213;203.700000000;10;9478427515;B
20240130;100213;203.700000000;10;9478427539;B
20240130;100214;203.690000000;30;9478427606;S
20240130;100214;203.700000000;10;9478427655;B
20240130;100214;203.700000000;150;9478427727;B
20240130;100215;203.690000000;50;9478427770;S
20240130;100215;203.690000000;30;9478427773;S
20240130;100215;203.700000000;10;9478427830;B
20240130;100215;203.690000000;10;9478427860;S
20240130;100215;203.700000000;70;9478427872;B
20240130;100215;203.690000000;30;9478427908;S
20240130;100216;203.690000000;30;9478427962;S
20240130;100216;203.690000000;400;9478427969;S
20240130;100216;203.690000000;80;9478427970;S
20240130;100216;203.690000000;20;9478427971;S
20240130;100216;203.690000000;10;9478428009;S
20240130;100216;203.690000000;20;9478428010;S
20240130;100217;203.700000000;500;9478428142;B
20240130;100217;203.690000000;10;9478428159;S
20240130;100218;203.700000000;10;9478428311;B
20240130;100219;203.690000000;50;9478428481;S
20240130;100220;203.700000000;2000;9478428585;B
20240130;100220;203.700000000;20;9478428640;B
20240130;100221;203.690000000;100;9478428675;S
20240130;100221;203.700000000;10;9478428720;B
20240130;100221;203.700000000;130;9478428795;B
20240130;100221;203.700000000;20;9478428796;B
20240130;100222;203.690000000;10;9478428904;S
20240130;100223;203.700000000;100;9478429072;B
20240130;100223;203.700000000;840;9478429074;B
20240130;100223;203.690000000;50;9478429146;S
20240130;100224;203.690000000;30;9478429211;S
20240130;100224;203.700000000;1000;9478429224;B
20240130;100224;203.690000000;150;9478429226;S
20240130;100224;203.700000000;3040;9478429330;B
20240130;100224;203.700000000;30;9478429331;B
20240130;100224;203.700000000;1130;9478429332;B
20240130;100225;203.750000000;100;9478429436;B
20240130;100226;203.730000000;80;9478429558;S
20240130;100226;203.730000000;500;9478429559;S
20240130;100226;203.700000000;250;9478429560;S
20240130;100226;203.690000000;120;9478429561;S
20240130;100226;203.690000000;740;9478429562;S
20240130;100226;203.680000000;1000;9478429563;S
20240130;100226;203.680000000;250;9478429564;S
20240130;100226;203.650000000;3060;9478429565;S
20240130;100226;203.730000000;180;9478429591;B
20240130;100226;203.740000000;1400;9478429592;B
20240130;100226;203.750000000;30;9478429593;B
20240130;100226;203.750000000;80;9478429594;B
20240130;100226;203.800000000;10;9478429595;B
20240130;100226;203.800000000;200;9478429596;B
20240130;100226;203.850000000;2200;9478429597;B
20240130;100226;203.870000000;830;9478429598;B
20240130;100226;203.900000000;50;9478429599;B
20240130;100226;203.900000000;100;9478429600;B
20240130;100226;203.900000000;3100;9478429601;B
20240130;100226;203.900000000;100;9478429602;B
20240130;100226;203.910000000;1720;9478429603;S
20240130;100226;203.760000000;500;9478429729;S
20240130;100227;203.790000000;10;9478429862;S
20240130;100228;203.800000000;250;9478429978;S
20240130;100228;203.800000000;140;9478429979;S
20240130;100228;203.800000000;10;9478429986;S
20240130;100228;203.820000000;100;9478430013;B
20240130;100231;203.790000000;320;9478430490;S
20240130;100231;203.790000000;10;9478430539;S
20240130;100233;203.780000000;80;9478430782;S
20240130;100233;203.780000000;20;9478430783;S
20240130;100233;203.770000000;30;9478430784;S
20240130;100233;203.760000000;50;9478430785;S
20240130;100233;203.820000000;30;9478430835;B
20240130;100233;203.760000000;90;9478430884;S
20240130;100233;203.760000000;270;9478430926;S
20240130;100233;203.750000000;80;9478430927;S
20240130;100233;203.740000000;100;9478430928;S
20240130;100233;203.740000000;50;9478430929;S
20240130;100233;203.730000000;180;9478430930;S
20240130;100233;203.720000000;100;9478430931;S
20240130;100233;203.710000000;160;9478430932;S
20240130;100233;203.710000000;90;9478430960;S
20240130;100234;203.810000000;30;9478431017;B
20240130;100234;203.710000000;90;9478431038;S
20240130;100234;203.710000000;90;9478431065;S
20240130;100234;203.810000000;30;9478431079;B
20240130;100234;203.820000000;510;9478431122;B
20240130;100234;203.830000000;80;9478431123;B
20240130;100234;203.860000000;180;9478431124;B
20240130;100234;203.920000000;420;9478431125;B
20240130;100234;203.920000000;10;9478431126;B
20240130;100234;203.930000000;200;9478431127;B
20240130;100234;203.930000000;600;9478431128;B
20240130;100234;203.850000000;90;9478431197;B
20240130;100234;203.900000000;160;9478431198;S
20240130;100235;203.850000000;30;9478431229;B
20240130;100235;203.850000000;30;9478431264;B
20240130;100236;203.850000000;30;9478431352;B
20240130;100236;203.850000000;20;9478431422;B
20240130;100236;203.910000000;20;9478431426;B
20240130;100236;203.850000000;30;9478431484;B
20240130;100237;203.920000000;50;9478431646;B
20240130;100237;203.920000000;410;9478431647;B
20240130;100237;203.920000000;40;9478431648;B
20240130;100239;203.890000000;210;9478431960;S
20240130;100239;203.880000000;80;9478431961;S
20240130;100239;203.870000000;10;9478431962;S
20240130;100239;203.840000000;180;9478431963;S
20240130;100239;203.840000000;30;9478431964;S
20240130;100239;203.830000000;30;9478431965;S
20240130;100239;203.820000000;100;9478431966;S
20240130;100240;203.840000000;100;9478432162;S
20240130;100240;203.910000000;180;9478432184;B
20240130;100240;203.920000000;10;9478432185;B
20240130;100240;203.930000000;1810;9478432186;B
20240130;100244;203.890000000;10;9478432983;B
20240130;100244;203.890000000;10;9478433114;B
20240130;100250;203.890000000;10;9478434379;B
20240130;100250;203.930000000;100;9478434380;B
20240130;100252;203.930000000;90;9478434698;B
20240130;100252;203.930000000;90;9478434699;B
20240130;100252;204.000000000;10;9478434723;B
20240130;100255;203.940000000;60;9478435349;S
20240130;100255;204.000000000;990;9478435385;B
20240130;100255;204.000000000;10;9478435386;B
20240130;100256;203.990000000;10;9478435495;B
20240130;100257;203.990000000;200;9478435800;B
20240130;100258;203.990000000;70;9478435871;B
20240130;100258;203.950000000;30;9478435909;S
20240130;100258;203.890000000;10;9478435954;S
20240130;100259;203.860000000;30;9478436067;S
20240130;100259;203.860000000;20;9478436068;S
20240130;100259;203.890000000;10;9478436188;B
20240130;100259;203.890000000;480;9478436190;B
20240130;100300;203.990000000;10;9478436318;B
20240130;100300;203.920000000;10;9478436530;S
20240130;100300;203.910000000;80;9478436531;S
20240130;100300;203.900000000;180;9478436532;S
20240130;100300;203.890000000;110;9478436533;S
20240130;100302;203.900000000;20;9478437239;S
20240130;100306;203.900000000;80;9478438148;S
20240130;100306;203.900000000;20;9478438149;S
20240130;100307;203.920000000;10;9478438435;B
20240130;100307;203.890000000;410;9478438466;S
20240130;100307;203.890000000;80;9478438467;S
20240130;100307;203.860000000;10;9478438468;S
20240130;100307;203.860000000;10;9478438469;S
20240130;100307;203.850000000;50;9478438470;S
20240130;100307;203.850000000;240;9478438471;S
20240130;100308;203.920000000;50;9478438736;B
20240130;100308;203.920000000;110;9478438762;B
20240130;100309;203.920000000;50;9478438889;B
20240130;100311;203.890000000;20;9478439074;S
20240130;100311;203.840000000;100;9478439075;S
20240130;100311;203.830000000;380;9478439076;S
20240130;100311;203.920000000;10;9478439121;B
20240130;100311;203.920000000;200;9478439128;B
20240130;100312;203.920000000;10;9478439264;B
20240130;100312;203.920000000;1000;9478439288;B
20240130;100313;203.920000000;10;9478439409;B
20240130;100313;203.910000000;40;9478439478;S
20240130;100313;203.890000000;10;9478439479;S
20240130;100313;203.880000000;50;9478439480;S
20240130;100314;203.900000000;10;9478439554;B
20240130;100314;203.880000000;20;9478439559;S
20240130;100314;203.900000000;90;9478439673;B
20240130;100314;203.900000000;100;9478439674;B
20240130;100315;203.920000000;50;9478439703;B
20240130;100316;203.920000000;50;9478439825;B
20240130;100317;203.900000000;10;9478440116;S
20240130;100317;203.900000000;50;9478440117;S
20240130;100317;203.900000000;40;9478440163;B
20240130;100318;203.900000000;80;9478440245;B
20240130;100318;203.920000000;420;9478440246;B
20240130;100319;203.920000000;400;9478440400;B
20240130;100321;203.900000000;40;9478440678;B
20240130;100322;203.890000000;100;9478440789;S
20240130;100323;203.880000000;500;9478441048;S
20240130;100324;203.900000000;100;9478441234;B
20240130;100326;203.900000000;10;9478441880;B
20240130;100327;203.880000000;40;9478442023;S
20240130;100330;203.880000000;390;9478443001;S
20240130;100330;203.880000000;100;9478443002;S
20240130;100330;203.850000000;10;9478443024;S
20240130;100330;203.830000000;120;9478443025;S
20240130;100330;203.800000000;10;9478443026;S
20240130;100330;203.800000000;10;9478443027;S
20240130;100330;203.800000000;50;9478443028;S
20240130;100330;203.790000000;20;9478443234;S
20240130;100332;203.850000000;10;9478443586;S
20240130;100332;203.840000000;100;9478443587;S
20240130;100332;203.830000000;1000;9478443588;S
20240130;100332;203.800000000;140;9478443589;S
20240130;100332;203.790000000;10;9478443590;S
20240130;100332;203.780000000;1660;9478443591;S
20240130;100332;203.770000000;300;9478443592;S
20240130;100332;203.770000000;100;9478443593;S
20240130;100332;203.770000000;180;9478443594;S
20240130;100332;203.760000000;50;9478443595;S
20240130;100332;203.760000000;620;9478443596;S
20240130;100332;203.750000000;10;9478443597;S
20240130;100332;203.750000000;650;9478443598;S
20240130;100332;203.750000000;170;9478443599;S
20240130;100332;203.750000000;100;9478443728;S
20240130;100336;203.790000000;10;9478444793;B
20240130;100337;203.780000000;20;9478444926;B
20240130;100340;203.780000000;10;9478445456;B
20240130;100341;203.770000000;100;9478445586;B
20240130;100341;203.780000000;400;9478445587;B
20240130;100342;203.760000000;10;9478445656;S
20240130;100343;203.760000000;40;9478445843;S
20240130;100343;203.760000000;3000;9478445844;S
20240130;100343;203.760000000;100;9478445845;S
20240130;100343;203.750000000;10;9478445846;S
20240130;100343;203.750000000;10;9478445847;S
20240130;100343;203.730000000;50;9478445848;S
20240130;100343;203.720000000;310;9478445849;S
20240130;100343;203.720000000;10;9478445850;S
20240130;100343;203.710000000;1470;9478445851;S
20240130;100344;203.720000000;160;9478446078;S
20240130;100344;203.710000000;4830;9478446079;S
20240130;100345;203.750000000;250;9478446169;B
20240130;100345;203.770000000;100;9478446170;B
20240130;100345;203.780000000;150;9478446171;B
20240130;100346;203.710000000;300;9478446360;S
20240130;100346;203.700000000;20;9478446361;S
20240130;100346;203.700000000;200;9478446362;S
20240130;100346;203.700000000;10;9478446363;S
20240130;100346;203.700000000;1470;9478446364;S
20240130;100346;203.700000000;60;9478446366;S
20240130;100346;203.700000000;650;9478446368;S
20240130;100347;203.760000000;200;9478446543;B
20240130;100347;203.780000000;90;9478446544;B
20240130;100347;203.780000000;170;9478446545;B
20240130;100348;203.720000000;30;9478447028;S
20240130;100348;203.710000000;70;9478447029;S
20240130;100351;203.780000000;10;9478447442;B
20240130;100351;203.780000000;10;9478447467;B
20240130;100351;203.780000000;20;9478447468;B
20240130;100352;203.710000000;10;9478447688;S
20240130;100352;203.700000000;10;9478447689;S
20240130;100352;203.810000000;20;9478447717;B
20240130;100354;203.710000000;40;9478448012;S
20240130;100354;203.700000000;40;9478448013;S
20240130;100355;203.760000000;20;9478448210;B
20240130;100355;203.780000000;140;9478448211;B
20240130;100355;203.810000000;100;9478448212;B
20240130;100355;203.820000000;40;9478448213;B
20240130;100357;203.740000000;10;9478448669;B
20240130;100357;203.730000000;20;9478448684;S
20240130;100357;203.720000000;100;9478448685;S
20240130;100357;203.720000000;100;9478448686;S
20240130;100357;203.710000000;180;9478448687;S
20240130;100357;203.710000000;40;9478448688;S
20240130;100357;203.700000000;770;9478448689;S
20240130;100357;203.700000000;60;9478448690;S
20240130;100357;203.700000000;30;9478448691;S
20240130;100357;203.700000000;40;9478448692;S
20240130;100357;203.700000000;4060;9478448693;S
20240130;100359;203.700000000;500;9478449028;S
20240130;100400;203.700000000;10;9478449134;S
20240130;100401;203.700000000;130;9478449250;S
20240130;100401;203.700000000;80;9478449251;S
20240130;100401;203.700000000;200;9478449252;S
20240130;100401;203.700000000;440;9478449253;S
20240130;100401;203.700000000;150;9478449254;S
20240130;100401;203.700000000;2350;9478449255;S
20240130;100401;203.700000000;10;9478449256;S
20240130;100401;203.700000000;100;9478449257;S
20240130;100401;203.700000000;410;9478449258;S
20240130;100401;203.700000000;590;9478449281;S
20240130;100401;203.670000000;20;9478449282;S
20240130;100401;203.670000000;10;9478449283;S
20240130;100401;203.660000000;30;9478449306;S
20240130;100401;203.690000000;20;9478449373;B
20240130;100402;203.650000000;1000;9478449454;S
20240130;100402;203.650000000;230;9478449482;S
20240130;100402;203.650000000;10;9478449483;S
20240130;100402;203.630000000;760;9478449484;S
20240130;100402;203.630000000;220;9478449507;S
20240130;100402;203.630000000;60;9478449508;S
20240130;100402;203.620000000;10;9478449509;S
20240130;100402;203.620000000;210;9478449510;S
20240130;100402;203.620000000;290;9478449520;S
20240130;100402;203.620000000;10;9478449521;S
20240130;100402;203.610000000;40;9478449522;S
20240130;100402;203.600000000;10;9478449524;S
20240130;100402;203.600000000;90;9478449525;S
20240130;100402;203.600000000;10;9478449533;S
20240130;100402;203.600000000;10;9478449541;S
20240130;100402;203.600000000;20;9478449568;S
20240130;100402;203.600000000;50;9478449577;S
20240130;100402;203.600000000;50;9478449578;S
20240130;100403;203.600000000;50;9478449627;S
20240130;100403;203.600000000;50;9478449649;S
20240130;100403;203.610000000;10;9478449741;S
20240130;100403;203.610000000;80;9478449742;S
20240130;100404;203.600000000;1000;9478449806;S
20240130;100404;203.600000000;240;9478449859;S
20240130;100405;203.650000000;90;9478450009;B
20240130;100405;203.660000000;10;9478450010;B
20240130;100410;203.700000000;10;9478450957;B
20240130;100412;203.670000000;20;9478451188;S
20240130;100412;203.620000000;100;9478451189;S
20240130;100412;203.610000000;100;9478451190;S
20240130;100412;203.610000000;10;9478451191;S
20240130;100412;203.600000000;210;9478451192;S
20240130;100412;203.600000000;960;9478451193;S
20240130;100412;203.600000000;50;9478451194;S
20240130;100412;203.600000000;10;9478451195;S
20240130;100412;203.590000000;10;9478451326;B
20240130;100415;203.580000000;100;9478451953;S
20240130;100415;203.580000000;10;9478451954;S
20240130;100416;203.570000000;10;9478451997;S
20240130;100416;203.570000000;10;9478452098;S
20240130;100417;203.570000000;100;9478452110;S
20240130;100417;203.590000000;10;9478452153;B
20240130;100419;203.570000000;100;9478452503;S
20240130;100419;203.570000000;10;9478452551;S
20240130;100420;203.590000000;10;9478452583;B
20240130;100420;203.590000000;40;9478452681;B
20240130;100421;203.610000000;490;9478452747;B
20240130;100421;203.620000000;500;9478452758;B
20240130;100422;203.620000000;40;9478453056;S
20240130;100424;203.620000000;40;9478453540;S
20240130;100424;203.610000000;740;9478453541;S
20240130;100424;203.610000000;1920;9478453542;B
20240130;100424;203.610000000;10;9478453793;B
20240130;100426;203.600000000;10;9478454118;S
20240130;100426;203.600000000;470;9478454146;S
20240130;100426;203.600000000;100;9478454148;S
20240130;100427;203.610000000;10;9478454226;B
20240130;100427;203.600000000;10;9478454278;S
20240130;100427;203.600000000;10;9478454279;S
20240130;100429;203.610000000;2280;9478454477;B
20240130;100429;203.610000000;200;9478454478;B
20240130;100429;203.650000000;90;9478454479;B
20240130;100429;203.690000000;100;9478454503;S
20240130;100429;203.700000000;100;9478454504;B
20240130;100429;203.700000000;90;9478454505;B
20240130;100429;203.700000000;100;9478454506;B
20240130;100429;203.750000000;50;9478454599;S
20240130;100430;203.750000000;50;9478454700;S
20240130;100430;203.770000000;50;9478454702;B
20240130;100430;203.800000000;10;9478454703;B
20240130;100430;203.810000000;100;9478454704;B
20240130;100430;203.820000000;30;9478454705;B
20240130;100430;203.820000000;180;9478454706;B
20240130;100430;203.830000000;10;9478454707;B
20240130;100430;203.840000000;120;9478454708;B
20240130;100430;203.830000000;800;9478454709;S
20240130;100430;203.680000000;180;9478454797;S
20240130;100430;203.650000000;70;9478454798;S
20240130;100431;203.830000000;100;9478454854;B
20240130;100432;203.830000000;80;9478454974;B
20240130;100432;203.840000000;1220;9478454975;B
20240130;100432;203.660000000;10;9478455021;S
20240130;100432;203.680000000;20;9478455061;S
20240130;100433;203.800000000;20;9478455201;B
20240130;100435;203.690000000;50;9478455377;S
20240130;100435;203.680000000;160;9478455378;S
20240130;100435;203.680000000;50;9478455379;S
20240130;100436;203.650000000;70;9478455587;S
20240130;100436;203.650000000;30;9478455604;S
20240130;100438;203.770000000;50;9478455863;B
20240130;100438;203.780000000;160;9478455864;B
20240130;100438;203.790000000;420;9478455865;B
20240130;100438;203.790000000;100;9478455866;B
20240130;100438;203.790000000;70;9478455867;B
20240130;100438;203.780000000;10;9478456110;B
20240130;100439;203.680000000;10;9478456154;S
20240130;100439;203.680000000;10;9478456207;S
20240130;100446;203.680000000;60;9478457394;S
20240130;100447;203.700000000;10;9478457601;B
20240130;100448;203.700000000;170;9478457820;B
20240130;100448;203.700000000;850;9478457821;B
20240130;100449;203.690000000;50;9478457987;S
20240130;100449;203.740000000;90;9478458085;B
20240130;100449;203.750000000;510;9478458086;B
20240130;100449;203.750000000;20;9478458112;B
20240130;100449;203.700000000;20;9478458156;S
20240130;100449;203.690000000;30;9478458157;S
20240130;100452;203.740000000;50;9478458760;B
20240130;100452;203.750000000;450;9478458761;B
20240130;100454;203.750000000;20;9478459159;B
20240130;100454;203.750000000;80;9478459160;B
20240130;100454;203.750000000;120;9478459161;B
20240130;100455;203.740000000;90;9478459284;S
20240130;100455;203.740000000;910;9478459285;B
20240130;100458;203.760000000;10;9478459672;S
20240130;100459;203.800000000;470;9478459910;B
20240130;100459;203.800000000;200;9478459911;B
20240130;100459;203.800000000;300;9478459912;B
20240130;100459;203.810000000;20;9478459913;B
20240130;100459;203.810000000;90;9478459914;B
20240130;100459;203.820000000;3920;9478459915;B
20240130;100459;203.760000000;90;9478459964;S
20240130;100459;203.750000000;20;9478459965;S
20240130;100459;203.750000000;10;9478459966;S
20240130;100459;203.740000000;180;9478459967;S
20240130;100459;203.730000000;200;9478459968;S
20240130;100459;203.710000000;500;9478459969;S
20240130;100500;203.710000000;150;9478460072;S
20240130;100500;203.790000000;10;9478460074;B
20240130;100501;203.720000000;90;9478460473;S
20240130;100502;203.790000000;10;9478460475;B
20240130;100502;203.790000000;10;9478460699;B
20240130;100504;203.790000000;150;9478460945;B
20240130;100504;203.800000000;100;9478460946;B
20240130;100504;203.800000000;10;9478460947;B
20240130;100504;203.810000000;500;9478460948;B
20240130;100504;203.820000000;190;9478460949;B
20240130;100507;203.820000000;500;9478461484;B
20240130;100507;203.820000000;10;9478461503;B
20240130;100508;203.750000000;10;9478461963;S
20240130;100508;203.750000000;60;9478462002;S
20240130;100508;203.810000000;10;9478462018;B
20240130;100508;203.820000000;380;9478462019;B
20240130;100508;203.820000000;90;9478462020;B
20240130;100508;203.830000000;50;9478462199;S
20240130;100510;203.830000000;20;9478462656;S
20240130;100514;203.850000000;90;9478463208;S
20240130;100514;203.840000000;10;9478463209;S
20240130;100514;203.840000000;10;9478463263;S
20240130;100514;203.840000000;720;9478463342;S
20240130;100514;203.830000000;280;9478463343;S
20240130;100516;203.870000000;5000;9478463606;B
20240130;100516;203.880000000;1440;9478463607;B
20240130;100516;203.880000000;10;9478463608;B
20240130;100516;203.880000000;10;9478463609;B
20240130;100516;203.890000000;20;9478463731;B
20240130;100516;203.900000000;280;9478463732;B
20240130;100516;203.900000000;70;9478463741;B
20240130;100516;203.900000000;10;9478463742;B
20240130;100516;203.900000000;60;9478463743;B
20240130;100516;203.900000000;1000;9478463744;B
20240130;100516;203.920000000;20;9478463745;B
20240130;100516;203.930000000;90;9478463746;B
20240130;100516;203.950000000;90;9478463747;B
20240130;100516;203.990000000;10;9478463748;B
20240130;100516;203.990000000;10;9478463749;B
20240130;100516;203.990000000;10;9478463750;B
20240130;100516;203.990000000;630;9478463751;B
20240130;100516;203.910000000;20;9478463752;S
20240130;100517;203.980000000;20;9478463835;B
20240130;100517;203.990000000;200;9478463836;B
20240130;100517;203.990000000;80;9478463837;B
20240130;100517;204.000000000;10;9478463838;B
20240130;100517;204.000000000;10;9478463839;B
20240130;100517;204.000000000;10;9478463840;B
20240130;100517;204.000000000;170;9478463841;B
20240130;100517;204.000000000;20;9478463843;B
20240130;100517;204.000000000;110;9478463901;B
20240130;100517;204.000000000;40;9478463902;B
20240130;100517;204.000000000;10;9478463903;B
20240130;100517;204.000000000;840;9478463904;B
20240130;100517;204.000000000;1000;9478463955;B
20240130;100517;204.000000000;1000;9478463973;B
20240130;100517;204.000000000;1000;9478464030;B
20240130;100518;204.000000000;1000;9478464060;B
20240130;100518;204.000000000;1000;9478464379;B
20240130;100520;204.000000000;450;9478464617;B
20240130;100525;204.000000000;10;9478465601;B
20240130;100525;203.980000000;10;9478465731;S
20240130;100525;204.000000000;60;9478465740;B
20240130;100526;204.000000000;50;9478465866;B
20240130;100526;204.000000000;20;9478465899;B
20240130;100527;203.980000000;70;9478465927;S
20240130;100527;203.970000000;60;9478465928;S
20240130;100527;204.000000000;150;9478465937;B
20240130;100527;204.000000000;920;9478465938;B
20240130;100527;204.000000000;100;9478465939;B
20240130;100527;204.000000000;100;9478465940;B
20240130;100527;204.000000000;570;9478465941;B
20240130;100527;204.000000000;60;9478465942;B
20240130;100528;204.000000000;370;9478466084;B
20240130;100528;204.000000000;200;9478466085;B
20240130;100528;204.000000000;200;9478466086;B
20240130;100528;204.000000000;230;9478466087;B
20240130;100528;203.960000000;50;9478466088;S
20240130;100528;204.000000000;970;9478466218;B
20240130;100528;204.020000000;40;9478466219;B
20240130;100528;204.040000000;90;9478466220;B
20240130;100528;204.050000000;90;9478466221;B
20240130;100529;204.060000000;10;9478466319;S
20240130;100530;204.060000000;730;9478466386;S
20240130;100530;204.050000000;180;9478466387;S
20240130;100530;204.040000000;410;9478466388;S
20240130;100531;204.060000000;10;9478466567;S
20240130;100532;204.060000000;40;9478466810;S
20240130;100532;204.060000000;10;9478466811;S
20240130;100532;204.050000000;50;9478466812;S
20240130;100533;204.130000000;180;9478466952;B
20240130;100533;204.130000000;100;9478466953;B
20240130;100533;204.140000000;400;9478466954;B
20240130;100533;204.150000000;90;9478466955;B
20240130;100533;204.160000000;80;9478466956;B
20240130;100533;204.190000000;30;9478466957;B
20240130;100533;204.190000000;980;9478466958;B
20240130;100533;204.200000000;780;9478466959;B
20240130;100533;204.200000000;30;9478466960;B
20240130;100533;204.250000000;20;9478466961;B
20240130;100533;204.250000000;300;9478466962;B
20240130;100533;204.260000000;500;9478466963;B
20240130;100533;204.270000000;470;9478466964;B
20240130;100533;204.280000000;600;9478466965;B
20240130;100533;204.280000000;1690;9478466966;B
20240130;100533;204.290000000;500;9478466967;B
20240130;100533;204.300000000;40;9478466968;B
20240130;100533;204.300000000;2470;9478466969;B
20240130;100533;204.310000000;160;9478466970;B
20240130;100533;204.320000000;5000;9478466971;B
20240130;100533;204.380000000;140;9478466972;B
20240130;100533;204.400000000;1000;9478466973;B
20240130;100533;204.450000000;10;9478466974;B
20240130;100533;204.450000000;10;9478466975;B
20240130;100533;204.490000000;1000;9478466976;B
20240130;100533;204.500000000;40;9478466977;B
20240130;100533;204.500000000;10;9478466978;B
20240130;100533;204.530000000;5000;9478466979;B
20240130;100533;204.530000000;5000;9478466980;B
20240130;100533;204.620000000;1200;9478466981;B
20240130;100533;204.630000000;500;9478466982;B
20240130;100533;204.650000000;100;9478466983;B
20240130;100533;204.670000000;30;9478466984;B
20240130;100533;204.670000000;30;9478466985;B
20240130;100533;204.670000000;5000;9478466986;B
20240130;100533;204.680000000;100;9478466987;B
20240130;100533;204.700000000;1000;9478466988;B
20240130;100533;204.700000000;30;9478466989;B
20240130;100533;204.700000000;10;9478466990;B
20240130;100533;204.730000000;50;9478466991;B
20240130;100533;204.770000000;350;9478466992;B
20240130;100533;204.770000000;30;9478466993;B
20240130;100533;204.780000000;10;9478466994;B
20240130;100533;204.800000000;10;9478466995;B
20240130;100533;204.820000000;20;9478466996;B
20240130;100533;204.850000000;50;9478466997;B
20240130;100533;204.880000000;300;9478466998;B
20240130;100533;204.880000000;740;9478466999;B
20240130;100533;204.890000000;10;9478467000;B
20240130;100533;204.890000000;110;9478467001;B
20240130;100533;204.890000000;550;9478467002;B
20240130;100533;204.900000000;5000;9478467003;B
20240130;100533;204.900000000;10;9478467004;B
20240130;100533;204.900000000;230;9478467005;B
20240130;100533;204.900000000;40;9478467006;B
20240130;100533;204.900000000;30;9478467007;B
20240130;100533;204.910000000;10;9478467008;B
20240130;100533;204.910000000;10;9478467009;B
20240130;100533;204.910000000;40;9478467010;B
20240130;100533;204.910000000;10;9478467011;B
20240130;100533;204.910000000;10;9478467012;B
20240130;100533;204.910000000;10;9478467013;B
20240130;100533;204.910000000;4750;9478467014;B
20240130;100533;204.910000000;350;9478467015;B
20240130;100533;204.920000000;1350;9478467016;B
20240130;100533;204.940000000;10;9478467017;B
20240130;100533;204.940000000;300;9478467018;B
20240130;100533;204.940000000;10;9478467019;B
20240130;100533;204.940000000;10000;9478467020;B
20240130;100533;204.950000000;400;9478467021;B
20240130;100533;204.950000000;50;9478467022;B
20240130;100533;204.980000000;330;9478467023;B
20240130;100533;204.980000000;100;9478467024;B
20240130;100533;204.990000000;500;9478467025;B
20240130;100533;204.990000000;100;9478467026;B
20240130;100533;204.990000000;50;9478467027;B
20240130;100533;205.000000000;10;9478467028;B
20240130;100533;205.000000000;30;9478467029;B
20240130;100533;205.000000000;10;9478467030;B
20240130;100533;205.000000000;2000;9478467031;B
20240130;100533;205.000000000;270;9478467032;B
20240130;100533;205.000000000;20;9478467033;B
20240130;100533;205.000000000;10;9478467034;B
20240130;100533;205.000000000;10;9478467035;B
20240130;100533;205.000000000;30;9478467036;B
20240130;100533;205.000000000;30;9478467037;B
20240130;100533;205.000000000;20;9478467038;B
20240130;100533;204.490000000;10;9478467055;S
20240130;100533;204.650000000;10;9478467061;B
20240130;100533;204.650000000;30;9478467062;B
20240130;100533;204.650000000;50;9478467063;B
20240130;100533;204.650000000;880;9478467064;B
20240130;100533;204.660000000;360;9478467065;B
20240130;100533;204.670000000;60;9478467066;B
20240130;100533;204.670000000;10;9478467068;B
20240130;100533;204.610000000;10;9478467073;B
20240130;100533;204.650000000;480;9478467074;B
20240130;100533;204.700000000;10;9478467075;B
20240130;100533;204.700000000;40;9478467090;B
20240130;100533;204.550000000;20;9478467093;S
20240130;100533;204.690000000;20;9478467108;B
20240130;100533;204.690000000;940;9478467109;B
20240130;100534;204.910000000;200;9478467154;B
20240130;100534;204.910000000;50;9478467158;B
20240130;100534;204.890000000;970;9478467211;B
20240130;100534;204.900000000;90;9478467212;B
20240130;100534;204.940000000;20;9478467213;B
20240130;100534;204.980000000;740;9478467214;B
20240130;100534;204.990000000;470;9478467215;B
20240130;100534;205.000000000;10;9478467216;B
20240130;100534;205.000000000;30;9478467217;B
20240130;100534;205.000000000;10;9478467218;B
20240130;100534;205.000000000;10;9478467219;B
20240130;100534;205.000000000;500;9478467220;B
20240130;100534;205.000000000;250;9478467221;B
20240130;100534;205.000000000;30;9478467222;B
20240130;100534;205.000000000;50;9478467223;B
20240130;100534;205.000000000;10;9478467224;B
20240130;100534;205.000000000;10;9478467225;B
20240130;100534;205.000000000;150;9478467226;B
20240130;100534;205.000000000;10;9478467227;B
20240130;100534;205.000000000;10;9478467228;B
20240130;100534;205.000000000;360;9478467229;B
20240130;100534;205.000000000;10;9478467230;B
20240130;100534;205.000000000;120;9478467231;B
20240130;100534;205.000000000;10;9478467232;B
20240130;100534;205.000000000;10;9478467233;B
20240130;100534;205.010000000;10;9478467234;B
20240130;100534;205.010000000;10;9478467235;B
20240130;100534;205.020000000;30;9478467236;B
20240130;100534;205.020000000;10;9478467237;B
20240130;100534;205.020000000;10;9478467238;B
20240130;100534;205.020000000;10;9478467239;B
20240130;100534;205.040000000;10;9478467240;B
20240130;100534;205.050000000;100;9478467241;B
20240130;100534;205.060000000;10;9478467242;B
20240130;100534;205.060000000;200;9478467243;B
20240130;100534;205.060000000;30;9478467244;B
20240130;100534;205.060000000;30;9478467245;B
20240130;100534;205.060000000;10;9478467246;B
20240130;100534;205.060000000;10;9478467247;B
20240130;100534;205.060000000;440;9478467248;B
20240130;100534;205.010000000;200;9478467259;B
20240130;100535;204.760000000;30;9478467329;S
20240130;100535;204.800000000;10;9478467411;B
20240130;100535;204.850000000;70;9478467412;B
20240130;100535;204.780000000;90;9478467413;S
20240130;100536;204.830000000;30;9478467509;B
20240130;100536;204.830000000;200;9478467519;B
20240130;100536;204.840000000;50;9478467520;B
20240130;100536;204.810000000;130;9478467524;S
20240130;100536;204.810000000;870;9478467531;S
20240130;100536;204.810000000;50;9478467532;S
20240130;100536;204.810000000;80;9478467533;S
20240130;100536;204.840000000;40;9478467549;B
20240130;100536;204.840000000;210;9478467550;B
20240130;100537;204.800000000;250;9478467678;S
20240130;100537;204.800000000;500;9478467679;S
20240130;100537;204.750000000;180;9478467680;S
20240130;100537;204.700000000;70;9478467681;S
20240130;100538;204.710000000;10;9478467926;S
20240130;100539;204.790000000;10;9478468072;B
20240130;100539;204.810000000;90;9478468073;B
20240130;100539;204.820000000;140;9478468074;B
20240130;100539;204.820000000;600;9478468161;B
20240130;100539;204.820000000;200;9478468162;B
20240130;100540;204.740000000;10;9478468213;S
20240130;100540;204.800000000;10;9478468226;B
20240130;100540;204.800000000;170;9478468470;B
20240130;100540;204.820000000;800;9478468471;B
20240130;100540;204.820000000;10;9478468472;B
20240130;100540;204.830000000;20;9478468473;B
20240130;100542;204.750000000;180;9478468712;S
20240130;100542;204.750000000;320;9478468713;S
20240130;100542;204.750000000;10;9478468802;S
20240130;100542;204.760000000;10;9478468873;S
20240130;100543;204.740000000;10;9478468903;S
20240130;100545;204.800000000;10;9478469284;B
20240130;100546;204.800000000;10;9478469532;S
20240130;100546;204.780000000;40;9478469533;S
20240130;100546;204.740000000;280;9478469612;S
20240130;100546;204.700000000;120;9478469613;S
20240130;100547;204.810000000;10;9478469872;B
20240130;100547;204.810000000;150;9478469873;B
20240130;100549;204.700000000;60;9478470246;S
20240130;100549;204.700000000;180;9478470247;S
20240130;100549;204.700000000;260;9478470248;S
20240130;100549;204.810000000;340;9478470258;B
20240130;100549;204.800000000;70;9478470286;B
20240130;100551;204.700000000;100;9478470672;B
20240130;100551;204.720000000;180;9478470673;B
20240130;100551;204.720000000;80;9478470674;B
20240130;100551;204.800000000;880;9478470675;S
20240130;100551;204.700000000;10;9478470678;B
20240130;100551;204.810000000;740;9478470696;B
20240130;100551;204.810000000;260;9478470697;B
20240130;100552;204.810000000;710;9478470749;B
20240130;100552;204.820000000;110;9478470750;B
20240130;100552;204.840000000;10;9478470751;B
20240130;100552;204.870000000;90;9478470752;B
20240130;100552;204.950000000;10;9478470753;B
20240130;100552;204.960000000;70;9478470754;B
20240130;100552;204.910000000;100;9478470756;B
20240130;100552;204.910000000;10;9478470779;B
20240130;100556;204.810000000;250;9478471545;B
20240130;100557;204.690000000;10;9478471683;S
20240130;100557;204.780000000;10;9478471701;B
20240130;100557;204.780000000;100;9478471702;B
20240130;100557;204.800000000;80;9478471703;B
20240130;100557;204.800000000;10;9478471704;B
20240130;100557;204.810000000;50;9478471705;B
20240130;100600;204.720000000;10;9478472110;S
20240130;100600;204.720000000;170;9478472146;S
20240130;100600;204.720000000;40;9478472147;S
20240130;100600;204.700000000;150;9478472148;S
20240130;100600;204.690000000;500;9478472149;S
20240130;100600;204.680000000;500;9478472150;S
20240130;100600;204.650000000;10;9478472151;S
20240130;100600;204.650000000;300;9478472152;S
20240130;100600;204.620000000;50;9478472153;S
20240130;100600;204.620000000;830;9478472154;S
20240130;100600;204.600000000;250;9478472155;S
20240130;100600;204.590000000;1760;9478472156;S
20240130;100600;204.560000000;500;9478472157;S
20240130;100600;204.540000000;50;9478472158;S
20240130;100600;204.530000000;740;9478472159;S
20240130;100600;204.530000000;1760;9478472160;S
20240130;100600;204.520000000;100;9478472161;S
20240130;100600;204.520000000;1200;9478472162;S
20240130;100600;204.510000000;240;9478472163;S
20240130;100600;204.500000000;250;9478472164;S
20240130;100600;204.500000000;10;9478472165;S
20240130;100600;204.470000000;40;9478472166;S
20240130;100600;204.460000000;40;9478472167;S
20240130;100600;204.460000000;380;9478472168;S
20240130;100600;204.480000000;10;9478472177;S
20240130;100600;204.740000000;80;9478472403;B
20240130;100600;204.750000000;120;9478472404;B
20240130;100601;204.750000000;100;9478472585;B
20240130;100603;204.720000000;100;9478472862;B
20240130;100605;204.710000000;40;9478473230;B
20240130;100605;204.720000000;80;9478473231;B
20240130;100605;204.720000000;200;9478473232;B
20240130;100605;204.720000000;80;9478473233;B
20240130;100605;204.730000000;420;9478473234;B
20240130;100605;204.790000000;620;9478473235;B
20240130;100605;204.600000000;500;9478473242;S
20240130;100605;204.790000000;20;9478473485;B
20240130;100605;204.800000000;10;9478473486;B
20240130;100605;204.800000000;70;9478473487;B
20240130;100606;204.630000000;20;9478473699;S
20240130;100609;204.710000000;100;9478474122;B
20240130;100609;204.760000000;10;9478474123;B
20240130;100609;204.790000000;80;9478474124;B
20240130;100609;204.790000000;10;9478474125;B
20240130;100610;204.710000000;10;9478474328;B
20240130;100610;204.790000000;10;9478474457;B
20240130;100612;204.800000000;10;9478474661;B
20240130;100612;204.800000000;30;9478474662;S
20240130;100612;204.790000000;10;9478474676;B
20240130;100612;204.810000000;700;9478474677;B
20240130;100612;204.810000000;970;9478474678;B
20240130;100612;204.930000000;1000;9478474679;B
20240130;100612;204.940000000;60;9478474680;B
20240130;100612;204.950000000;500;9478474681;B
20240130;100612;205.000000000;10;9478474682;B
20240130;100612;205.020000000;300;9478474683;B
20240130;100612;205.030000000;500;9478474684;B
20240130;100612;205.070000000;300;9478474685;B
20240130;100612;205.070000000;20;9478474686;B
20240130;100612;205.080000000;10;9478474687;B
20240130;100612;205.090000000;1350;9478474688;B
20240130;100612;205.100000000;10;9478474689;B
20240130;100612;205.100000000;10;9478474690;B
20240130;100612;205.100000000;250;9478474691;B
20240130;100612;205.010000000;10;9478474722;B
20240130;100612;205.010000000;10;9478474723;B
20240130;100612;204.870000000;20;9478474748;S
20240130;100612;204.970000000;10;9478474753;B
20240130;100613;204.870000000;30;9478474788;S
20240130;100614;204.970000000;960;9478475022;B
20240130;100614;204.970000000;40;9478475023;B
20240130;100614;205.020000000;20;9478475086;B
20240130;100614;204.910000000;100;9478475099;S
20240130;100614;204.930000000;100;9478475188;S
20240130;100616;204.960000000;10;9478475468;B
20240130;100616;204.970000000;400;9478475469;B
20240130;100616;204.990000000;10;9478475470;B
20240130;100616;205.000000000;50;9478475471;B
20240130;100616;205.000000000;300;9478475472;B
20240130;100616;205.000000000;300;9478475473;S
20240130;100616;205.000000000;200;9478475474;S
20240130;100616;205.000000000;1000;9478475475;S
20240130;100616;205.000000000;800;9478475476;S
20240130;100616;205.000000000;100;9478475477;S
20240130;100616;205.090000000;240;9478475604;B
20240130;100616;205.100000000;60;9478475605;B
20240130;100617;205.120000000;50;9478475625;B
20240130;100617;205.150000000;10;9478475626;B
20240130;100617;205.150000000;90;9478475627;B
20240130;100617;205.160000000;100;9478475628;B
20240130;100617;205.040000000;80;9478475631;S
20240130;100617;205.040000000;20;9478475632;S
20240130;100617;205.160000000;80;9478475653;B
20240130;100617;205.170000000;40;9478475654;B
20240130;100617;205.180000000;180;9478475655;B
20240130;100617;205.170000000;10;9478475673;B
20240130;100617;205.170000000;10;9478475674;B
20240130;100617;205.240000000;10;9478475682;B
20240130;100617;205.240000000;240;9478475683;B
20240130;100617;205.250000000;10;9478475696;B
20240130;100617;205.240000000;20;9478475710;B
20240130;100617;205.240000000;20;9478475711;B
20240130;100617;205.240000000;260;9478475719;B
20240130;100617;205.270000000;240;9478475720;B
20240130;100617;205.180000000;10;9478475778;S
20240130;100617;205.270000000;60;9478475800;B
20240130;100617;205.270000000;10;9478475801;B
20240130;100617;205.280000000;970;9478475802;B
20240130;100617;205.290000000;10;9478475803;B
20240130;100617;205.300000000;100;9478475804;B
20240130;100617;205.300000000;50;9478475805;B
20240130;100617;205.320000000;10;9478475806;B
20240130;100617;205.330000000;350;9478475807;B
20240130;100617;205.360000000;60;9478475808;S
20240130;100618;205.360000000;60;9478475822;S
20240130;100618;205.360000000;100;9478475827;S
20240130;100618;205.360000000;10;9478475864;S
20240130;100618;205.370000000;10;9478475926;B
20240130;100618;205.360000000;10;9478475942;S
20240130;100619;205.370000000;200;9478476084;B
20240130;100619;205.370000000;480;9478476137;B
20240130;100619;205.360000000;30;9478476177;S
20240130;100619;205.360000000;30;9478476178;S
20240130;100619;205.370000000;100;9478476179;B
20240130;100620;205.360000000;10;9478476193;B
20240130;100620;205.360000000;50;9478476197;B
20240130;100620;205.350000000;60;9478476236;B
20240130;100620;205.370000000;190;9478476237;B
20240130;100620;205.370000000;50;9478476274;B
20240130;100620;205.370000000;50;9478476294;B
20240130;100620;205.370000000;50;9478476332;B
20240130;100621;205.370000000;50;9478476359;B
20240130;100621;205.370000000;90;9478476457;B
20240130;100621;205.370000000;10;9478476458;B
20240130;100622;205.320000000;50;9478476685;S
20240130;100622;205.310000000;90;9478476686;S
20240130;100622;205.310000000;360;9478476687;S
20240130;100623;205.380000000;490;9478476735;B
20240130;100624;205.360000000;250;9478476928;B
20240130;100624;205.310000000;180;9478476944;S
20240130;100624;205.300000000;50;9478476945;S
20240130;100624;205.300000000;50;9478476946;S
20240130;100624;205.300000000;120;9478476947;S
20240130;100624;205.300000000;10;9478477041;S
20240130;100624;205.320000000;100;9478477042;B
20240130;100624;205.300000000;120;9478477061;S
20240130;100624;205.300000000;680;9478477062;B
20240130;100625;205.340000000;100;9478477082;B
20240130;100625;205.340000000;250;9478477146;B
20240130;100625;205.300000000;20;9478477212;S
20240130;100626;205.280000000;100;9478477284;B
20240130;100626;205.280000000;500;9478477389;B
20240130;100626;205.260000000;10;9478477391;S
20240130;100627;205.280000000;740;9478477576;B
20240130;100627;205.290000000;1480;9478477577;B
20240130;100627;205.300000000;180;9478477578;B
20240130;100627;205.310000000;10;9478477579;B
20240130;100627;205.340000000;970;9478477580;B
20240130;100627;205.370000000;100;9478477581;B
20240130;100627;205.390000000;160;9478477582;B
20240130;100627;205.390000000;10;9478477583;B
20240130;100627;205.400000000;300;9478477584;B
20240130;100627;205.420000000;500;9478477585;B
20240130;100627;205.430000000;10;9478477586;B
20240130;100627;205.430000000;10;9478477587;B
20240130;100627;205.430000000;10;9478477588;B
20240130;100627;205.440000000;10;9478477589;B
20240130;100627;205.440000000;10;9478477590;B
20240130;100627;205.460000000;200;9478477591;B
20240130;100627;205.470000000;160;9478477592;B
20240130;100627;205.470000000;200;9478477593;B
20240130;100627;205.480000000;940;9478477594;B
20240130;100627;205.290000000;10;9478477663;S
20240130;100628;205.340000000;10;9478477679;B
20240130;100628;205.400000000;130;9478477680;B
20240130;100628;205.450000000;10;9478477728;B
20240130;100628;205.400000000;250;9478477754;S
20240130;100628;205.400000000;80;9478477758;B
20240130;100628;205.410000000;10;9478477762;B
20240130;100629;205.420000000;740;9478477804;B
20240130;100629;205.430000000;970;9478477805;B
20240130;100629;205.460000000;180;9478477806;B
20240130;100629;205.470000000;100;9478477807;B
20240130;100629;205.490000000;10;9478477808;B
20240130;100629;205.490000000;30;9478477809;B
20240130;100629;205.490000000;800;9478477810;B
20240130;100629;205.490000000;30;9478477811;B
20240130;100629;205.490000000;140;9478477812;B
20240130;100629;205.480000000;250;9478477824;B
20240130;100629;205.480000000;720;9478477825;B
20240130;100629;205.480000000;80;9478477826;B
20240130;100629;205.490000000;80;9478477827;B
20240130;100629;205.490000000;10;9478477828;B
20240130;100629;205.500000000;100;9478477829;B
20240130;100629;205.500000000;100;9478477830;B
20240130;100629;205.500000000;910;9478477831;B
20240130;100629;205.350000000;10;9478477877;S
20240130;100629;205.500000000;100;9478477890;B
20240130;100629;205.500000000;250;9478477904;B
20240130;100630;205.500000000;1690;9478477942;B
20240130;100630;205.500000000;20;9478477947;B
20240130;100630;205.500000000;1240;9478477973;B
20240130;100630;205.500000000;160;9478477974;B
20240130;100630;205.500000000;10;9478477975;B
20240130;100630;205.500000000;90;9478477976;B
20240130;100630;205.400000000;140;9478477977;B
20240130;100630;205.400000000;160;9478478030;B
20240130;100630;205.400000000;100;9478478038;B
20240130;100630;205.510000000;970;9478478039;B
20240130;100630;205.540000000;10;9478478040;B
20240130;100630;205.540000000;10;9478478041;B
20240130;100631;205.390000000;30;9478478175;B
20240130;100631;205.390000000;200;9478478180;B
20240130;100631;205.390000000;10;9478478181;B
20240130;100631;205.390000000;10;9478478248;B
20240130;100634;205.440000000;10;9478478565;B
20240130;100634;205.430000000;50;9478478703;B
20240130;100635;205.420000000;30;9478478947;S
20240130;100635;205.410000000;10;9478478948;S
20240130;100635;205.400000000;10;9478478949;S
20240130;100635;205.400000000;50;9478478950;B
20240130;100636;205.410000000;50;9478478965;S
20240130;100636;205.400000000;90;9478478966;S
20240130;100636;205.440000000;190;9478479000;B
20240130;100636;205.440000000;40;9478479030;B
20240130;100636;205.430000000;20;9478479080;S
20240130;100636;205.400000000;910;9478479081;S
20240130;100636;205.380000000;30;9478479082;S
20240130;100636;205.370000000;40;9478479083;S
20240130;100637;205.430000000;740;9478479202;B
20240130;100637;205.430000000;80;9478479203;B
20240130;100637;205.440000000;60;9478479204;B
20240130;100637;205.440000000;120;9478479205;B
20240130;100638;205.440000000;1000;9478479299;B
20240130;100638;205.380000000;10;9478479436;S
20240130;100639;205.440000000;180;9478479478;B
20240130;100639;205.450000000;40;9478479479;B
20240130;100639;205.460000000;10;9478479480;B
20240130;100639;205.460000000;70;9478479481;B
20240130;100639;205.490000000;10;9478479490;B
20240130;100639;205.500000000;10;9478479491;B
20240130;100640;205.450000000;180;9478479655;S
20240130;100640;205.430000000;240;9478479656;S
20240130;100640;205.370000000;80;9478479657;S
20240130;100640;205.500000000;400;9478479658;B
20240130;100640;205.510000000;100;9478479679;B
20240130;100641;205.510000000;80;9478479789;B
20240130;100641;205.520000000;70;9478479790;B
20240130;100641;205.520000000;90;9478479791;B
20240130;100642;205.450000000;70;9478480058;S
20240130;100642;205.440000000;30;9478480059;S
20240130;100642;205.520000000;10;9478480062;B
20240130;100642;205.530000000;50;9478480063;B
20240130;100642;205.530000000;20;9478480064;B
20240130;100644;205.460000000;10;9478480338;B
20240130;100644;205.460000000;10;9478480411;B
20240130;100645;205.440000000;10;9478480714;B
20240130;100645;205.450000000;10;9478480715;B
20240130;100647;205.400000000;10;9478481020;S
20240130;100647;205.400000000;20;9478481021;S
20240130;100647;205.420000000;10;9478481085;B
20240130;100647;205.430000000;250;9478481086;B
20240130;100647;205.430000000;10;9478481087;B
20240130;100647;205.440000000;530;9478481088;B
20240130;100647;205.400000000;20;9478481101;S
20240130;100647;205.370000000;80;9478481102;S
20240130;100647;205.370000000;10;9478481148;S
20240130;100648;205.400000000;30;9478481198;B
20240130;100648;205.410000000;50;9478481199;B
20240130;100648;205.420000000;10;9478481200;B
20240130;100648;205.420000000;70;9478481201;B
20240130;100648;205.420000000;970;9478481202;B
20240130;100648;205.430000000;50;9478481203;B
20240130;100648;205.440000000;30;9478481204;B
20240130;100648;205.460000000;10;9478481205;B
20240130;100648;205.470000000;20;9478481206;B
20240130;100648;205.470000000;740;9478481207;B
20240130;100648;205.480000000;10;9478481208;B
20240130;100648;205.480000000;10;9478481209;B
20240130;100648;205.480000000;500;9478481210;B
20240130;100648;205.380000000;30;9478481254;S
20240130;100648;205.460000000;30;9478481267;B
20240130;100648;205.470000000;170;9478481268;B
20240130;100648;205.470000000;200;9478481383;B
20240130;100649;205.380000000;10;9478481461;S
20240130;100649;205.470000000;500;9478481466;B
20240130;100650;205.380000000;140;9478481698;S
20240130;100650;205.380000000;70;9478481699;S
20240130;100650;205.370000000;30;9478481700;S
20240130;100650;205.370000000;10;9478481701;S
20240130;100650;205.360000000;10;9478481702;S
20240130;100650;205.350000000;400;9478481703;S
20240130;100650;205.300000000;80;9478481704;S
20240130;100650;205.290000000;1760;9478481705;S
20240130;100650;205.290000000;500;9478481706;S
20240130;100651;205.400000000;70;9478481835;B
20240130;100651;205.420000000;10;9478481836;B
20240130;100651;205.420000000;670;9478481837;B
20240130;100651;205.430000000;300;9478481838;B
20240130;100651;205.440000000;10;9478481839;B
20240130;100651;205.450000000;50;9478481840;B
20240130;100651;205.450000000;50;9478481841;B
20240130;100651;205.460000000;1760;9478481842;B
20240130;100651;205.470000000;470;9478481843;B
20240130;100651;205.480000000;500;9478481844;B
20240130;100651;205.480000000;50;9478481845;B
20240130;100651;205.480000000;10;9478481846;B
20240130;100651;205.490000000;10;9478481847;B
20240130;100651;205.490000000;500;9478481848;B
20240130;100651;205.500000000;900;9478481849;B
20240130;100651;205.500000000;10;9478481850;B
20240130;100651;205.530000000;30;9478481851;B
20240130;100651;205.530000000;600;9478481852;B
20240130;100651;205.390000000;50;9478482047;B
20240130;100651;205.480000000;50;9478482048;B
20240130;100652;205.480000000;90;9478482078;B
20240130;100652;205.480000000;10;9478482079;B
20240130;100653;205.320000000;10;9478482274;S
20240130;100653;205.310000000;590;9478482275;S
20240130;100656;205.420000000;40;9478482855;S
20240130;100657;205.440000000;70;9478482905;B
20240130;100657;205.460000000;430;9478482906;B
20240130;100658;205.420000000;50;9478483100;S
20240130;100659;205.420000000;50;9478483134;S
20240130;100659;205.420000000;50;9478483160;S
20240130;100659;205.420000000;370;9478483214;S
20240130;100659;205.400000000;70;9478483215;S
20240130;100659;205.370000000;180;9478483216;S
20240130;100659;205.370000000;310;9478483217;S
20240130;100659;205.370000000;50;9478483228;S
20240130;100659;205.370000000;50;9478483286;S
20240130;100701;205.370000000;10;9478483476;S
20240130;100701;205.370000000;80;9478483500;S
20240130;100701;205.350000000;10;9478483501;S
20240130;100701;205.330000000;10;9478483502;S
20240130;100701;205.330000000;170;9478483520;S
20240130;100701;205.320000000;600;9478483521;S
20240130;100701;205.300000000;100;9478483522;S
20240130;100701;205.290000000;500;9478483523;S
20240130;100701;205.280000000;100;9478483524;S
20240130;100701;205.280000000;250;9478483535;B
20240130;100701;205.270000000;10;9478483610;S
20240130;100701;205.270000000;90;9478483611;S
20240130;100701;205.280000000;100;9478483615;B
20240130;100702;205.270000000;210;9478483657;S
20240130;100702;205.260000000;240;9478483658;S
20240130;100702;205.280000000;50;9478483675;B
20240130;100702;205.260000000;100;9478483721;S
20240130;100702;205.260000000;470;9478483733;S
20240130;100702;205.250000000;70;9478483734;S
20240130;100702;205.240000000;1900;9478483735;S
20240130;100702;205.230000000;60;9478483736;S
20240130;100702;205.230000000;20;9478483770;S
20240130;100702;205.270000000;10;9478483776;B
20240130;100702;205.230000000;250;9478483789;S
20240130;100703;205.230000000;30;9478484017;S
20240130;100703;205.230000000;120;9478484018;S
20240130;100703;205.200000000;80;9478484024;S
20240130;100704;205.200000000;10;9478484140;S
20240130;100704;205.200000000;160;9478484141;S
20240130;100706;205.180000000;10;9478484399;B
20240130;100706;205.190000000;10;9478484400;B
20240130;100706;205.200000000;10;9478484401;B
20240130;100706;205.210000000;70;9478484402;B
20240130;100706;205.210000000;180;9478484403;B
20240130;100706;205.210000000;10;9478484404;B
20240130;100706;205.220000000;210;9478484405;B
20240130;100707;205.200000000;20;9478484642;B
20240130;100708;205.200000000;100;9478484698;B
20240130;100708;205.190000000;10;9478484784;B
20240130;100708;205.200000000;80;9478484785;B
20240130;100708;205.210000000;70;9478484786;B
20240130;100708;205.220000000;530;9478484787;B
20240130;100708;205.230000000;1510;9478484788;B
20240130;100709;205.160000000;10;9478484869;S
20240130;100709;205.150000000;50;9478484870;S
20240130;100709;205.140000000;160;9478484871;S
20240130;100709;205.140000000;80;9478484872;S
20240130;100710;205.130000000;30;9478485130;S
20240130;100710;205.130000000;10;9478485131;S
20240130;100710;205.120000000;50;9478485132;S
20240130;100710;205.120000000;20;9478485133;S
20240130;100710;205.100000000;1170;9478485134;S
20240130;100710;205.100000000;70;9478485135;S
20240130;100711;205.100000000;30;9478485272;B
20240130;100711;205.090000000;30;9478485275;S
20240130;100712;205.100000000;30;9478485353;B
20240130;100713;205.100000000;100;9478485583;B
20240130;100714;205.090000000;100;9478485778;S
20240130;100714;205.100000000;2020;9478485834;B
20240130;100714;205.100000000;70;9478485835;B
20240130;100714;205.150000000;50;9478485836;B
20240130;100714;205.160000000;180;9478485837;B
20240130;100714;205.190000000;10;9478485838;B
20240130;100714;205.200000000;50;9478485839;B
20240130;100714;205.200000000;50;9478485840;B
20240130;100714;205.220000000;740;9478485841;B
20240130;100714;205.230000000;100;9478485842;B
20240130;100714;205.220000000;100;9478485845;B
20240130;100715;205.110000000;10;9478485952;S
20240130;100716;205.110000000;20;9478486115;S
20240130;100717;205.210000000;10;9478486288;B
20240130;100717;205.210000000;10;9478486289;B
20240130;100717;205.260000000;10;9478486290;B
20240130;100717;205.260000000;1000;9478486294;S
20240130;100717;205.210000000;10;9478486321;B
20240130;100717;205.270000000;60;9478486322;B
20240130;100719;205.110000000;110;9478486493;S
20240130;100719;205.100000000;10;9478486494;S
20240130;100719;205.260000000;100;9478486496;S
20240130;100719;205.260000000;100;9478486511;S
20240130;100720;205.220000000;30;9478486682;S
20240130;100720;205.220000000;30;9478486683;S
20240130;100720;205.200000000;180;9478486684;S
20240130;100722;205.200000000;1930;9478486945;B
20240130;100723;205.200000000;70;9478487194;B
20240130;100725;205.190000000;10;9478487616;S
20240130;100725;205.190000000;140;9478487621;S
20240130;100726;205.190000000;50;9478487699;B
20240130;100726;205.190000000;50;9478487700;B
20240130;100727;205.180000000;20;9478487917;B
20240130;100728;205.140000000;10;9478488126;S
20240130;100728;205.110000000;10;9478488127;S
20240130;100728;205.110000000;70;9478488128;S
20240130;100728;205.090000000;90;9478488211;S
20240130;100729;205.090000000;90;9478488279;S
20240130;100729;205.090000000;90;9478488345;S
20240130;100729;205.090000000;80;9478488414;S
20240130;100729;205.090000000;10;9478488415;S
20240130;100729;205.090000000;20;9478488464;S
20240130;100729;205.090000000;30;9478488465;S
20240130;100729;205.070000000;40;9478488466;S
20240130;100730;205.070000000;10;9478488527;S
20240130;100730;205.060000000;10;9478488528;S
20240130;100730;205.060000000;60;9478488529;S
20240130;100730;205.050000000;10;9478488530;S
20240130;100730;205.050000000;30;9478488536;S
20240130;100730;205.150000000;10;9478488545;B
20240130;100730;205.050000000;10;9478488588;S
20240130;100730;205.050000000;50;9478488589;S
20240130;100730;205.050000000;30;9478488590;S
20240130;100731;205.050000000;10;9478488762;S
20240130;100732;205.080000000;50;9478488895;S
20240130;100732;205.060000000;70;9478488896;S
20240130;100732;205.050000000;350;9478488897;S
20240130;100732;205.040000000;530;9478488898;S
20240130;100732;205.130000000;10;9478488902;B
20240130;100734;205.130000000;10;9478489222;B
20240130;100734;205.140000000;40;9478489223;B
20240130;100735;205.140000000;30;9478489226;B
20240130;100735;205.140000000;50;9478489280;B
20240130;100739;205.100000000;10;9478489921;S
20240130;100740;205.050000000;70;9478490006;S
20240130;100740;205.040000000;1760;9478490007;S
20240130;100740;205.040000000;500;9478490008;S
20240130;100740;205.040000000;60;9478490052;S
20240130;100741;205.040000000;500;9478490098;S
20240130;100741;205.040000000;5100;9478490137;S
20240130;100741;205.040000000;870;9478490169;S
20240130;100742;205.040000000;1180;9478490219;S
20240130;100742;205.030000000;70;9478490220;S
20240130;100742;205.020000000;180;9478490221;S
20240130;100742;205.010000000;260;9478490222;S
20240130;100742;205.010000000;20;9478490223;S
20240130;100742;205.000000000;160;9478490224;S
20240130;100742;205.000000000;80;9478490225;S
20240130;100742;205.000000000;1000;9478490226;S
20240130;100742;205.000000000;2000;9478490227;S
20240130;100742;205.000000000;50;9478490228;S
20240130;100743;205.080000000;10;9478490359;B
20240130;100744;205.090000000;100;9478490539;B
20240130;100744;205.090000000;80;9478490586;B
20240130;100744;205.120000000;260;9478490587;B
20240130;100744;205.100000000;500;9478490592;B
20240130;100746;205.080000000;10;9478490825;B
20240130;100752;205.100000000;20;9478491693;S
20240130;100752;205.120000000;70;9478491731;B
20240130;100752;205.120000000;130;9478491732;B
20240130;100754;205.120000000;10;9478492003;B
20240130;100754;205.100000000;10;9478492049;S
20240130;100754;205.050000000;10;9478492050;S
20240130;100755;205.040000000;100;9478492293;S
20240130;100758;205.040000000;80;9478492798;S
20240130;100758;205.040000000;40;9478492799;S
20240130;100758;205.030000000;70;9478492800;S
20240130;100758;205.010000000;260;9478492801;S
20240130;100758;205.000000000;150;9478492802;S
20240130;100758;205.000000000;50;9478492803;S
20240130;100758;205.000000000;490;9478492804;S
20240130;100758;205.000000000;100;9478492805;S
20240130;100758;205.000000000;520;9478492806;S
20240130;100759;205.010000000;10;9478493048;S
20240130;100801;205.010000000;10;9478493463;S
20240130;100801;205.000000000;10;9478493464;S
20240130;100801;205.000000000;440;9478493499;S
20240130;100801;205.000000000;10;9478493500;S
20240130;100802;205.030000000;20;9478493700;S
20240130;100804;205.030000000;80;9478493934;S
20240130;100804;205.000000000;90;9478493935;S
20240130;100804;205.000000000;500;9478493936;S
20240130;100804;205.000000000;100;9478493937;S
20240130;100804;204.990000000;50;9478493938;S
20240130;100804;204.970000000;180;9478493939;S
20240130;100804;204.970000000;20;9478493940;S
20240130;100804;204.960000000;970;9478493941;S
20240130;100804;204.930000000;10;9478493942;S
20240130;100804;204.940000000;200;9478493946;S
20240130;100804;204.940000000;20;9478493954;S
20240130;100804;204.940000000;10;9478493957;S
20240130;100804;204.940000000;10;9478493964;S
20240130;100805;204.950000000;60;9478494075;S
20240130;100805;204.940000000;730;9478494076;S
20240130;100805;204.930000000;170;9478494077;S
20240130;100805;204.930000000;40;9478494078;S
20240130;100805;205.030000000;20;9478494099;B
20240130;100805;204.930000000;10;9478494102;S
20240130;100806;205.040000000;20;9478494276;B
20240130;100806;205.040000000;50;9478494282;B
20240130;100807;205.040000000;60;9478494378;B
20240130;100809;205.000000000;50;9478494552;S
20240130;100812;205.030000000;40;9478495273;B
20240130;100812;205.030000000;70;9478495275;B
20240130;100812;205.030000000;200;9478495276;B
20240130;100812;205.040000000;10;9478495277;B
20240130;100812;205.040000000;70;9478495278;B
20240130;100812;205.050000000;90;9478495279;B
20240130;100812;205.050000000;30;9478495280;B
20240130;100812;205.070000000;30;9478495281;B
20240130;100812;205.030000000;10;9478495314;S
20240130;100812;205.020000000;70;9478495315;S
20240130;100812;205.010000000;170;9478495316;S
20240130;100812;205.000000000;10;9478495317;S
20240130;100814;205.040000000;10;9478495550;S
20240130;100817;205.050000000;10;9478496110;B
20240130;100818;205.040000000;40;9478496125;S
20240130;100818;205.020000000;10;9478496126;S
20240130;100818;205.010000000;30;9478496143;S
20240130;100819;205.050000000;90;9478496371;B
20240130;100819;205.070000000;70;9478496372;B
20240130;100819;205.080000000;740;9478496373;B
20240130;100819;205.080000000;180;9478496374;B
20240130;100819;205.090000000;10;9478496375;B
20240130;100819;205.090000000;10;9478496376;B
20240130;100819;205.090000000;10;9478496377;B
20240130;100819;205.090000000;10;9478496378;B
20240130;100819;205.090000000;550;9478496379;B
20240130;100823;205.020000000;10;9478497026;S
20240130;100823;205.020000000;70;9478497027;S
20240130;100823;205.010000000;10;9478497028;S
20240130;100823;205.010000000;60;9478497128;S
20240130;100823;205.010000000;30;9478497129;S
20240130;100824;205.010000000;20;9478497174;S
20240130;100824;205.010000000;70;9478497175;S
20240130;100824;205.010000000;20;9478497250;S
20240130;100826;205.010000000;220;9478497454;B
20240130;100826;205.000000000;1000;9478497499;S
20240130;100827;205.010000000;10;9478497570;B
20240130;100827;205.000000000;170;9478497634;S
20240130;100827;205.010000000;20;9478497737;B
20240130;100828;205.000000000;4670;9478497852;S
20240130;100828;205.000000000;10;9478497864;S
20240130;100830;205.000000000;150;9478498163;S
20240130;100831;205.000000000;10;9478498461;S
20240130;100832;205.000000000;40;9478498505;S
20240130;100832;205.000000000;30;9478498537;S
20240130;100833;205.000000000;10;9478498719;S
20240130;100833;205.000000000;3900;9478498781;S
20240130;100833;205.000000000;2500;9478498782;S
20240130;100833;205.000000000;3330;9478498783;S
20240130;100833;205.000000000;50;9478498784;S
20240130;100833;205.000000000;70;9478498785;S
20240130;100833;204.980000000;110;9478498786;S
20240130;100833;204.950000000;60;9478498787;S
20240130;100833;204.930000000;300;9478498788;S
20240130;100834;204.920000000;40;9478498799;S
20240130;100834;204.960000000;10;9478498814;B
20240130;100834;204.960000000;10;9478498860;B
20240130;100834;204.960000000;10;9478498873;B
20240130;100836;204.960000000;90;9478499058;B
20240130;100836;205.000000000;150;9478499059;B
20240130;100836;205.000000000;60;9478499060;B
20240130;100836;204.980000000;90;9478499095;S
20240130;100836;205.000000000;20;9478499110;B
20240130;100836;205.010000000;730;9478499111;B
20240130;100836;205.010000000;80;9478499112;B
20240130;100836;205.020000000;170;9478499113;B
20240130;100836;205.040000000;30;9478499157;B
20240130;100837;205.040000000;10;9478499207;B
20240130;100837;205.040000000;740;9478499208;B
20240130;100837;205.050000000;100;9478499209;B
20240130;100837;205.050000000;90;9478499210;B
20240130;100837;205.050000000;60;9478499211;S
20240130;100838;205.000000000;30;9478499405;S
20240130;100843;205.080000000;10;9478500223;B
20240130;100844;205.000000000;10;9478500365;S
20240130;100846;205.010000000;10;9478500690;S
20240130;100846;205.000000000;70;9478500691;S
20240130;100846;205.000000000;20;9478500692;S
20240130;100849;205.000000000;1000;9478501458;S
20240130;100849;205.000000000;70;9478501459;S
20240130;100849;205.000000000;1200;9478501460;S
20240130;100850;204.990000000;10;9478501585;S
20240130;100851;205.000000000;250;9478501834;B
20240130;100851;205.000000000;70;9478501835;B
20240130;100852;205.050000000;40;9478501986;B
20240130;100853;205.050000000;60;9478502111;B
20240130;100853;205.060000000;740;9478502112;B
20240130;100853;205.070000000;200;9478502113;B
20240130;100853;205.010000000;10;9478502130;S
20240130;100859;205.060000000;10;9478502967;S
20240130;100859;205.050000000;70;9478502968;S
20240130;100859;205.050000000;130;9478502969;B
20240130;100859;205.050000000;20;9478503028;B
20240130;100901;205.050000000;20;9478503617;B
20240130;100902;205.050000000;1000;9478503805;B
20240130;100902;205.050000000;310;9478503806;B
