<DATE>;<TIME>;<LAST>;<VOL>;<ID>;<OPER>
20240205;095941;202.160000000;10;9523276088;S
20240205;095941;202.160000000;10;9523276089;B
20240205;095941;202.160000000;150;9523276090;S
20240205;095941;202.160000000;50;9523276091;B
20240205;095941;202.160000000;10;9523276092;B
20240205;095941;202.160000000;40;9523276093;B
20240205;095941;202.160000000;100;9523276094;B
20240205;095941;202.160000000;10;9523276095;B
20240205;095941;202.160000000;500;9523276096;B
20240205;095941;202.160000000;80;9523276097;B
20240205;095941;202.160000000;20;9523276098;S
20240205;095941;202.160000000;10;9523276099;B
20240205;095941;202.160000000;10;9523276100;B
20240205;095941;202.160000000;10;9523276101;B
20240205;095941;202.160000000;10;9523276102;B
20240205;095941;202.160000000;10;9523276103;B
20240205;095941;202.160000000;10;9523276104;B
20240205;095941;202.160000000;10;9523276105;S
20240205;095941;202.160000000;10;9523276106;B
20240205;095941;202.160000000;20;9523276107;B
20240205;095941;202.160000000;10;9523276108;B
20240205;095941;202.160000000;640;9523276109;B
20240205;095941;202.160000000;20;9523276110;S
20240205;095941;202.160000000;20;9523276111;S
20240205;095941;202.160000000;40;9523276112;S
20240205;095941;202.160000000;10;9523276113;S
20240205;095941;202.160000000;10;9523276114;B
20240205;095941;202.160000000;100;9523276115;B
20240205;095941;202.160000000;10;9523276116;B
20240205;095941;202.160000000;40;9523276117;S
20240205;095941;202.160000000;60;9523276118;S
20240205;100000;202.160000000;90;9523283708;B
20240205;100000;202.390000000;10;9523283793;B
20240205;100000;202.390000000;190;9523283825;S
20240205;100000;202.390000000;200;9523284080;S
20240205;100000;202.390000000;200;9523284081;S
20240205;100000;202.390000000;200;9523284082;S
20240205;100000;202.390000000;400;9523284100;S
20240205;100000;202.400000000;20;9523284132;B
20240205;100000;202.400000000;180;9523284133;B
20240205;100000;202.400000000;100;9523284483;B
20240205;100000;202.410000000;1670;9523284493;B
20240205;100000;202.410000000;200;9523284511;B
20240205;100000;202.410000000;100;9523284520;B
20240205;100000;202.410000000;80;9523284530;B
20240205;100000;202.410000000;70;9523284563;B
20240205;100000;202.410000000;10;9523284849;B
20240205;100000;202.410000000;1470;9523284903;B
20240205;100001;202.510000000;40;9523285427;B
20240205;100001;202.520000000;400;9523285527;S
20240205;100001;202.530000000;810;9523285529;B
20240205;100001;202.520000000;1000;9523285578;S
20240205;100001;202.530000000;100;9523286733;B
20240205;100002;202.520000000;50;9523288403;B
20240205;100002;202.520000000;560;9523288404;S
20240205;100003;202.530000000;560;9523288614;B
20240205;100003;202.520000000;10;9523289327;B
20240205;100003;202.520000000;170;9523289329;S
20240205;100004;202.410000000;10;9523289759;S
20240205;100004;202.530000000;620;9523290131;B
20240205;100004;202.540000000;10;9523290837;B
20240205;100005;202.540000000;10;9523291822;B
20240205;100005;202.520000000;10;9523291824;S
20240205;100005;202.520000000;10;9523291831;S
20240205;100005;202.540000000;100;9523291928;B
20240205;100005;202.520000000;10;9523292170;S
20240205;100005;202.520000000;50;9523292177;S
20240205;100005;202.540000000;10;9523292182;B
20240205;100005;202.520000000;10;9523292202;S
20240205;100005;202.520000000;20;9523292204;S
20240205;100005;202.540000000;1270;9523292707;B
20240205;100005;202.550000000;30;9523292708;B
20240205;100006;202.550000000;40;9523293530;B
20240205;100006;202.530000000;10;9523293699;S
20240205;100006;202.550000000;100;9523294156;B
20240205;100006;202.520000000;10;9523294298;S
20240205;100006;202.520000000;10;9523294334;S
20240205;100006;202.520000000;50;9523294359;S
20240205;100006;202.520000000;20;9523295200;S
20240205;100006;202.690000000;10;9523295202;B
20240205;100006;202.520000000;10;9523295207;S
20240205;100006;202.690000000;10;9523295429;B
20240205;100006;202.690000000;50;9523295483;B
20240205;100006;202.520000000;20;9523295510;S
20240205;100006;202.520000000;30;9523295539;S
20240205;100006;202.690000000;10;9523295828;B
20240205;100007;202.600000000;10;9523298323;S
20240205;100007;202.520000000;20;9523298324;S
20240205;100007;202.520000000;10;9523298325;S
20240205;100007;202.500000000;10;9523298326;S
20240205;100007;202.670000000;10;9523298335;B
20240205;100007;202.670000000;10;9523298336;B
20240205;100007;202.690000000;10;9523298452;B
20240205;100007;202.690000000;40;9523298454;B
20240205;100007;202.700000000;60;9523298455;B
20240205;100008;202.690000000;10;9523299501;B
20240205;100008;202.500000000;30;9523299506;S
20240205;100008;202.500000000;10;9523299513;S
20240205;100008;202.670000000;10;9523299886;B
20240205;100008;202.500000000;30;9523300015;S
20240205;100008;202.670000000;10;9523300342;B
20240205;100008;202.670000000;10;9523300541;B
20240205;100008;202.500000000;50;9523300547;S
20240205;100008;202.670000000;10;9523301223;B
20240205;100008;202.670000000;100;9523301224;B
20240205;100008;202.500000000;60;9523301225;S
20240205;100008;202.690000000;10;9523301444;B
20240205;100008;202.690000000;10;9523301446;B
20240205;100010;202.660000000;130;9523303606;S
20240205;100010;202.670000000;50;9523303718;B
20240205;100010;202.680000000;100;9523304063;S
20240205;100011;202.500000000;20;9523304539;S
20240205;100011;202.660000000;10;9523304591;S
20240205;100011;202.500000000;190;9523304766;S
20240205;100012;202.660000000;20;9523304986;S
20240205;100012;202.670000000;20;9523305106;B
20240205;100013;202.650000000;130;9523305952;S
20240205;100014;202.530000000;10;9523306358;S
20240205;100014;202.670000000;50;9523306669;S
20240205;100016;202.560000000;40;9523308304;S
20240205;100016;202.550000000;260;9523308305;S
20240205;100019;202.690000000;100;9523310231;B
20240205;100020;202.540000000;10;9523310606;S
20240205;100022;202.600000000;220;9523312234;B
20240205;100024;202.680000000;270;9523313195;S
20240205;100024;202.690000000;100;9523313360;B
20240205;100025;202.680000000;90;9523313476;S
20240205;100026;202.550000000;10;9523313878;S
20240205;100026;202.550000000;10;9523313968;S
20240205;100026;202.540000000;30;9523313969;S
20240205;100026;202.690000000;20;9523313978;B
20240205;100026;202.530000000;180;9523314051;S
20240205;100026;202.530000000;20;9523314070;S
20240205;100026;202.690000000;20;9523314314;B
20240205;100026;202.700000000;110;9523314315;B
20240205;100026;202.700000000;30;9523314316;B
20240205;100026;202.710000000;400;9523314317;B
20240205;100027;202.740000000;30;9523314670;B
20240205;100027;202.740000000;10;9523314671;B
20240205;100027;202.760000000;60;9523314672;B
20240205;100028;202.550000000;60;9523315270;S
20240205;100029;202.550000000;20;9523315690;S
20240205;100029;202.730000000;170;9523315750;S
20240205;100030;202.720000000;160;9523316329;S
20240205;100031;202.720000000;40;9523316796;S
20240205;100033;202.740000000;10;9523318042;B
20240205;100034;202.740000000;70;9523318252;B
20240205;100034;202.780000000;10;9523318341;B
20240205;100034;202.840000000;40;9523318342;B
20240205;100034;202.840000000;80;9523318343;B
20240205;100034;202.850000000;170;9523318344;B
20240205;100037;202.840000000;300;9523319709;S
20240205;100038;202.840000000;110;9523320041;S
20240205;100038;202.710000000;300;9523320042;S
20240205;100038;202.700000000;620;9523320043;S
20240205;100038;202.690000000;3970;9523320044;S
20240205;100039;202.700000000;10;9523320175;S
20240205;100040;202.690000000;1030;9523320528;S
20240205;100040;202.530000000;80;9523320529;S
20240205;100040;202.520000000;400;9523320530;S
20240205;100040;202.510000000;490;9523320531;S
20240205;100040;202.800000000;10;9523320624;B
20240205;100042;202.550000000;200;9523321205;S
20240205;100044;202.760000000;10;9523321824;S
20240205;100048;202.820000000;70;9523323347;S
20240205;100050;202.740000000;10;9523323899;B
20240205;100052;202.740000000;10;9523324894;B
20240205;100057;202.720000000;30;9523326634;S
20240205;100057;202.600000000;50;9523326635;S
20240205;100057;202.720000000;10;9523326903;S
20240205;100100;202.720000000;50;9523327778;S
20240205;100105;202.730000000;10;9523329132;B
20240205;100105;202.730000000;10;9523329156;B
20240205;100105;202.730000000;10;9523329206;B
20240205;100107;202.730000000;1460;9523329748;B
20240205;100107;202.730000000;30;9523329749;B
20240205;100109;202.720000000;130;9523330217;S
20240205;100109;202.720000000;340;9523330244;S
20240205;100109;202.650000000;1250;9523330245;S
20240205;100109;202.600000000;720;9523330246;S
20240205;100118;202.700000000;240;9523333390;B
20240205;100118;202.730000000;70;9523333391;B
20240205;100118;202.730000000;190;9523333392;B
20240205;100120;202.730000000;10;9523334000;B
20240205;100130;202.730000000;1000;9523336858;B
20240205;100135;202.720000000;100;9523338155;S
20240205;100135;202.700000000;50;9523338156;S
20240205;100140;202.700000000;240;9523339872;S
20240205;100141;202.700000000;710;9523340200;S
20240205;100141;202.650000000;1250;9523340201;S
20240205;100141;202.600000000;480;9523340202;S
20240205;100141;202.600000000;1250;9523340203;S
20240205;100141;202.600000000;30;9523340204;S
20240205;100141;202.590000000;100;9523340206;B
20240205;100143;202.560000000;20;9523340493;S
20240205;100143;202.550000000;330;9523340494;S
20240205;100144;202.550000000;30;9523341046;S
20240205;100144;202.590000000;30;9523341086;B
20240205;100146;202.590000000;70;9523341407;B
20240205;100150;202.580000000;50;9523342639;S
20240205;100150;202.550000000;30;9523342640;S
20240205;100153;202.560000000;260;9523343776;S
20240205;100155;202.570000000;40;9523344664;S
20240205;100156;202.590000000;10;9523345008;B
20240205;100159;202.590000000;20;9523346021;B
20240205;100200;202.580000000;290;9523346212;S
20240205;100201;202.590000000;10;9523346462;B
20240205;100203;202.580000000;270;9523347179;S
20240205;100203;202.560000000;200;9523347180;S
20240205;100203;202.550000000;530;9523347181;S
20240205;100211;202.590000000;1250;9523349628;B
20240205;100211;202.590000000;20;9523349629;B
20240205;100211;202.590000000;10;9523349630;B
20240205;100215;202.600000000;10;9523350565;B
20240205;100216;202.600000000;70;9523350757;B
20240205;100216;202.600000000;10;9523350934;B
20240205;100218;202.590000000;720;9523351485;S
20240205;100218;202.560000000;100;9523351494;S
20240205;100218;202.550000000;90;9523351495;S
20240205;100219;202.590000000;280;9523351798;B
20240205;100219;202.590000000;810;9523351799;B
20240205;100223;202.580000000;80;9523353492;S
20240205;100223;202.570000000;50;9523353493;S
20240205;100223;202.550000000;70;9523353494;S
20240205;100224;202.590000000;10;9523353779;B
20240205;100226;202.580000000;50;9523354184;S
20240205;100228;202.580000000;10;9523354872;S
20240205;100231;202.580000000;10;9523356226;S
20240205;100232;202.590000000;10;9523356459;B
20240205;100233;202.580000000;230;9523356838;S
20240205;100233;202.560000000;20;9523356839;S
20240205;100233;202.550000000;70;9523356840;S
20240205;100234;202.560000000;10;9523356941;S
20240205;100234;202.550000000;160;9523356942;S
20240205;100237;202.560000000;10;9523357801;S
20240205;100237;202.550000000;90;9523357802;S
20240205;100239;202.560000000;10;9523358705;S
20240205;100243;202.550000000;1500;9523359807;S
20240205;100245;202.550000000;50;9523360130;S
20240205;100246;202.590000000;50;9523360383;B
20240205;100246;202.550000000;2050;9523360404;S
20240205;100246;202.550000000;600;9523360405;S
20240205;100246;202.510000000;1000;9523360406;S
20240205;100246;202.510000000;180;9523360407;S
20240205;100246;202.500000000;340;9523360408;S
20240205;100246;202.500000000;1080;9523360409;S
20240205;100248;202.500000000;3920;9523360848;S
20240205;100249;202.490000000;10;9523360941;B
20240205;100249;202.460000000;10;9523360942;S
20240205;100249;202.450000000;10;9523360957;B
20240205;100249;202.390000000;100;9523360979;S
20240205;100259;202.460000000;20;9523363250;B
20240205;100302;202.450000000;30;9523364118;B
20240205;100312;202.410000000;100;9523366357;S
20240205;100314;202.450000000;10;9523367094;B
20240205;100315;202.450000000;10;9523367315;B
20240205;100318;202.410000000;700;9523367871;S
20240205;100318;202.400000000;150;9523368026;S
20240205;100318;202.400000000;10;9523368027;S
20240205;100321;202.420000000;20;9523369274;B
20240205;100322;202.390000000;10;9523369363;S
20240205;100339;202.370000000;10;9523372850;B
20240205;100339;202.370000000;30;9523372855;B
20240205;100340;202.360000000;30;9523372958;S
20240205;100340;202.310000000;460;9523372959;S
20240205;100340;202.310000000;40;9523372960;S
20240205;100340;202.300000000;10;9523372961;S
20240205;100340;202.300000000;100;9523372962;S
20240205;100340;202.300000000;10;9523372963;S
20240205;100340;202.300000000;90;9523372964;S
20240205;100341;202.370000000;1450;9523373198;B
20240205;100341;202.370000000;210;9523373199;B
20240205;100341;202.370000000;40;9523373200;B
20240205;100341;202.380000000;300;9523373201;B
20240205;100342;202.300000000;60;9523373678;S
20240205;100348;202.370000000;20;9523375204;B
20240205;100349;202.300000000;50;9523375315;S
20240205;100349;202.290000000;10;9523375316;S
20240205;100349;202.280000000;10;9523375317;S
20240205;100349;202.270000000;10;9523375318;S
20240205;100349;202.250000000;40;9523375319;S
20240205;100349;202.250000000;440;9523375320;S
20240205;100349;202.240000000;180;9523375321;S
20240205;100350;202.210000000;10;9523375415;S
20240205;100352;202.210000000;40;9523376112;S
20240205;100352;202.200000000;10;9523376113;S
20240205;100354;202.320000000;20;9523376842;B
20240205;100401;202.300000000;100;9523378378;B
20240205;100401;202.320000000;90;9523378379;B
20240205;100404;202.310000000;1490;9523379000;B
20240205;100404;202.320000000;10;9523379001;B
20240205;100408;202.220000000;40;9523379919;S
20240205;100408;202.210000000;510;9523379920;S
20240205;100408;202.210000000;10;9523379921;S
20240205;100408;202.200000000;270;9523379922;S
20240205;100408;202.200000000;10;9523379923;S
20240205;100408;202.200000000;10;9523379924;S
20240205;100408;202.190000000;50;9523379925;S
20240205;100408;202.180000000;180;9523379926;S
20240205;100408;202.160000000;20;9523379927;S
20240205;100408;202.160000000;210;9523379928;S
20240205;100408;202.150000000;10;9523379929;S
20240205;100408;202.150000000;1000;9523379930;S
20240205;100408;202.150000000;300;9523379931;S
20240205;100408;202.140000000;10;9523379932;S
20240205;100408;202.130000000;20;9523379933;S
20240205;100408;202.120000000;10;9523379934;S
20240205;100408;202.120000000;100;9523379935;S
20240205;100408;202.120000000;10;9523379936;S
20240205;100408;202.110000000;50;9523379937;S
20240205;100408;202.110000000;10;9523379938;S
20240205;100408;202.110000000;10;9523379939;S
20240205;100408;202.110000000;50;9523379940;S
20240205;100408;202.110000000;10;9523379941;S
20240205;100408;202.110000000;10;9523379942;S
20240205;100408;202.110000000;250;9523379943;S
20240205;100408;202.110000000;10;9523379944;S
20240205;100408;202.110000000;3300;9523379945;S
20240205;100409;202.200000000;10;9523380125;S
20240205;100409;202.120000000;10;9523380126;S
20240205;100417;202.130000000;30;9523381861;S
20240205;100417;202.130000000;10;9523381862;S
20240205;100417;202.120000000;730;9523381863;S
20240205;100417;202.110000000;1700;9523381864;S
20240205;100417;202.100000000;30;9523381865;S
20240205;100417;202.100000000;10;9523381866;S
20240205;100417;202.100000000;1000;9523381867;S
20240205;100417;202.100000000;10;9523381868;S
20240205;100417;202.100000000;10;9523381869;S
20240205;100417;202.100000000;10;9523381870;S
20240205;100417;202.100000000;610;9523381871;S
20240205;100417;202.100000000;10;9523381872;S
20240205;100417;202.100000000;10;9523381873;S
20240205;100417;202.100000000;5000;9523381874;S
20240205;100417;202.100000000;830;9523381875;S
20240205;100418;202.110000000;340;9523381940;S
20240205;100418;202.100000000;170;9523381941;S
20240205;100418;202.100000000;100;9523381942;S
20240205;100418;202.100000000;10;9523381943;S
20240205;100418;202.100000000;150;9523381944;S
20240205;100418;202.100000000;10;9523381945;S
20240205;100418;202.100000000;20;9523381946;S
20240205;100418;202.100000000;1920;9523381947;S
20240205;100418;202.100000000;100;9523381948;S
20240205;100418;202.100000000;10;9523381949;S
20240205;100418;202.100000000;10;9523381950;S
20240205;100418;202.100000000;10;9523381951;S
20240205;100418;202.100000000;5760;9523381952;S
20240205;100418;202.100000000;20;9523381953;S
20240205;100418;202.100000000;10;9523381954;S
20240205;100418;202.070000000;10;9523381955;S
20240205;100418;202.050000000;10;9523381958;S
20240205;100418;202.050000000;180;9523381959;S
20240205;100418;202.040000000;30;9523381960;S
20240205;100418;202.030000000;10;9523381961;S
20240205;100418;202.030000000;10;9523381962;S
20240205;100418;202.020000000;20;9523381963;S
20240205;100418;202.010000000;10;9523381964;S
20240205;100418;202.010000000;80;9523381965;S
20240205;100418;202.000000000;10;9523381966;S
20240205;100418;202.000000000;250;9523381967;S
20240205;100418;202.000000000;450;9523381968;S
20240205;100418;202.000000000;10;9523381969;S
20240205;100418;202.000000000;10;9523381970;S
20240205;100418;202.000000000;10;9523381971;S
20240205;100418;202.000000000;100;9523381972;S
20240205;100418;202.000000000;20;9523381973;S
20240205;100418;202.000000000;10;9523381974;S
20240205;100418;202.000000000;10;9523381975;S
20240205;100418;202.000000000;100;9523381976;S
20240205;100418;202.000000000;10;9523381977;S
20240205;100418;202.000000000;10;9523381978;S
20240205;100418;202.000000000;250;9523381979;S
20240205;100418;202.000000000;10;9523381980;S
20240205;100418;202.000000000;100;9523381981;S
20240205;100418;202.010000000;80;9523381983;S
20240205;100418;202.000000000;150;9523381984;S
20240205;100418;202.000000000;100;9523381985;S
20240205;100418;202.000000000;190;9523381986;S
20240205;100418;202.000000000;10;9523381989;S
20240205;100418;202.070000000;200;9523382011;B
20240205;100418;202.080000000;30;9523382012;B
20240205;100418;202.080000000;180;9523382013;B
20240205;100418;202.090000000;90;9523382014;B
20240205;100418;202.000000000;10;9523382015;S
20240205;100418;202.020000000;10;9523382062;S
20240205;100418;202.000000000;10;9523382063;S
20240205;100418;202.000000000;400;9523382070;S
20240205;100419;202.070000000;10;9523382171;B
20240205;100420;202.070000000;60;9523382251;S
20240205;100420;202.010000000;100;9523382302;S
20240205;100420;202.010000000;40;9523382303;S
20240205;100420;202.000000000;110;9523382304;S
20240205;100420;202.000000000;20;9523382320;S
20240205;100421;202.000000000;700;9523382391;S
20240205;100423;202.000000000;100;9523382748;S
20240205;100427;202.010000000;100;9523383690;S
20240205;100428;202.010000000;20;9523383955;S
20240205;100430;202.010000000;200;9523384185;S
20240205;100430;202.010000000;50;9523384186;S
20240205;100430;202.000000000;3020;9523384187;S
20240205;100431;202.090000000;980;9523384474;B
20240205;100433;202.010000000;100;9523384686;S
20240205;100433;202.070000000;10;9523384795;B
20240205;100441;202.070000000;30;9523386206;B
20240205;100442;202.070000000;10;9523386320;S
20240205;100443;202.070000000;40;9523386700;S
20240205;100443;202.030000000;50;9523386701;S
20240205;100443;202.020000000;100;9523386702;S
20240205;100443;202.020000000;10;9523386703;S
20240205;100447;202.100000000;10;9523387798;B
20240205;100449;202.020000000;10;9523388438;S
20240205;100452;202.080000000;10;9523389167;B
20240205;100452;202.100000000;40;9523389168;B
20240205;100452;202.100000000;10;9523389174;B
20240205;100453;202.030000000;10;9523389218;S
20240205;100453;202.010000000;100;9523389219;S
20240205;100453;202.010000000;10;9523389220;S
20240205;100453;202.010000000;10;9523389221;S
20240205;100453;202.010000000;1490;9523389222;S
20240205;100453;202.010000000;20;9523389223;S
20240205;100453;202.000000000;1160;9523389224;S
20240205;100454;202.010000000;10;9523389454;S
20240205;100454;202.000000000;240;9523389455;S
20240205;100454;202.000000000;10;9523389526;S
20240205;100502;202.010000000;10;9523391282;B
20240205;100504;202.010000000;10;9523391831;B
20240205;100504;202.000000000;90;9523391951;S
20240205;100505;202.000000000;10;9523392049;S
20240205;100505;202.010000000;30;9523392085;B
20240205;100505;202.000000000;1150;9523392135;S
20240205;100506;202.000000000;150;9523392592;S
20240205;100506;202.000000000;10;9523392593;S
20240205;100506;202.000000000;50;9523392594;S
20240205;100506;202.000000000;100;9523392595;S
20240205;100506;202.000000000;20;9523392596;S
20240205;100506;202.000000000;280;9523392597;S
20240205;100506;202.000000000;10;9523392598;S
20240205;100506;202.000000000;50;9523392599;S
20240205;100506;202.000000000;250;9523392600;S
20240205;100506;202.000000000;200;9523392601;S
20240205;100506;202.000000000;30;9523392602;S
20240205;100506;202.000000000;60;9523392603;S
20240205;100507;202.000000000;140;9523392650;S
20240205;100507;202.000000000;250;9523392697;S
20240205;100507;202.000000000;40;9523392747;S
20240205;100508;202.000000000;480;9523392853;S
20240205;100508;202.000000000;2020;9523392854;S
20240205;100509;202.000000000;2500;9523392999;S
20240205;100509;202.010000000;100;9523393028;B
20240205;100509;202.000000000;480;9523393059;S
20240205;100509;202.000000000;10;9523393060;S
20240205;100509;201.980000000;10;9523393061;S
20240205;100509;201.980000000;10;9523393062;S
20240205;100509;201.910000000;10;9523393125;S
20240205;100509;201.910000000;30;9523393126;S
20240205;100509;201.910000000;240;9523393127;S
20240205;100509;201.900000000;10;9523393128;S
20240205;100509;201.900000000;150;9523393129;S
20240205;100509;201.900000000;60;9523393130;S
20240205;100509;201.910000000;20;9523393143;S
20240205;100509;201.900000000;40;9523393145;S
20240205;100509;201.870000000;380;9523393146;S
20240205;100509;201.860000000;80;9523393147;S
20240205;100509;201.850000000;10;9523393148;S
20240205;100510;201.950000000;10;9523393262;B
20240205;100510;201.940000000;30;9523393296;B
20240205;100510;201.940000000;40;9523393298;B
20240205;100510;201.920000000;10;9523393311;S
20240205;100510;201.910000000;90;9523393312;S
20240205;100510;201.910000000;10;9523393319;S
20240205;100510;201.910000000;10;9523393320;S
20240205;100510;201.900000000;200;9523393321;S
20240205;100511;201.900000000;10;9523393428;S
20240205;100512;201.900000000;10;9523393739;S
20240205;100512;201.900000000;10;9523393772;S
20240205;100514;201.920000000;10;9523394016;S
20240205;100514;201.910000000;10;9523394017;S
20240205;100514;201.910000000;60;9523394018;S
20240205;100514;201.900000000;300;9523394019;S
20240205;100514;201.850000000;200;9523394020;S
20240205;100514;201.850000000;10;9523394021;S
20240205;100514;201.850000000;80;9523394022;S
20240205;100514;201.840000000;180;9523394023;S
20240205;100514;201.820000000;10;9523394024;S
20240205;100514;201.810000000;10;9523394025;S
20240205;100514;201.810000000;30;9523394026;S
20240205;100514;201.800000000;10;9523394027;S
20240205;100514;201.800000000;10;9523394028;S
20240205;100514;201.800000000;200;9523394029;S
20240205;100514;201.800000000;20;9523394030;S
20240205;100514;201.800000000;90;9523394031;S
20240205;100514;201.810000000;140;9523394051;S
20240205;100514;201.800000000;360;9523394052;S
20240205;100514;201.810000000;100;9523394105;S
20240205;100514;201.800000000;80;9523394106;S
20240205;100514;201.800000000;50;9523394113;S
20240205;100514;201.800000000;40;9523394131;S
20240205;100514;201.800000000;10;9523394132;S
20240205;100516;201.810000000;10;9523394436;S
20240205;100516;201.880000000;180;9523394470;B
20240205;100516;201.910000000;20;9523394471;B
20240205;100517;201.920000000;10;9523394779;B
20240205;100517;201.920000000;10;9523394833;B
20240205;100517;201.920000000;20;9523394842;B
20240205;100517;201.820000000;70;9523394866;S
20240205;100517;201.800000000;120;9523394867;S
20240205;100517;201.800000000;120;9523394868;S
20240205;100517;201.800000000;10;9523394869;S
20240205;100517;201.800000000;40;9523394870;S
20240205;100517;201.800000000;140;9523394871;S
20240205;100519;201.920000000;10;9523395275;B
20240205;100521;201.920000000;20;9523395679;B
20240205;100523;201.800000000;10;9523396088;S
20240205;100523;201.790000000;60;9523396089;S
20240205;100523;201.780000000;50;9523396202;S
20240205;100523;201.780000000;110;9523396203;S
20240205;100524;201.780000000;10;9523396223;S
20240205;100531;201.810000000;50;9523397500;S
20240205;100531;201.810000000;1450;9523397501;S
20240205;100533;201.810000000;20;9523398034;S
20240205;100533;201.800000000;500;9523398035;S
20240205;100533;201.780000000;40;9523398036;S
20240205;100533;201.770000000;10;9523398037;S
20240205;100533;201.770000000;60;9523398038;S
20240205;100539;201.820000000;10;9523399449;B
20240205;100539;201.820000000;90;9523399450;B
20240205;100541;201.820000000;10;9523399945;B
20240205;100541;201.850000000;180;9523399946;B
20240205;100541;201.890000000;310;9523399947;B
20240205;100541;201.780000000;100;9523399971;S
20240205;100545;201.780000000;1490;9523400637;S
20240205;100545;201.770000000;210;9523400638;S
20240205;100545;201.780000000;30;9523400756;S
20240205;100545;201.770000000;120;9523400757;S
20240205;100550;201.770000000;30;9523401762;S
20240205;100551;201.840000000;130;9523401931;B
20240205;100551;201.870000000;70;9523401932;B
20240205;100552;201.780000000;490;9523402114;S
20240205;100553;201.770000000;110;9523402396;S
20240205;100557;201.780000000;1490;9523403018;S
20240205;100557;201.770000000;470;9523403019;S
20240205;100557;201.770000000;30;9523403020;S
20240205;100558;201.870000000;40;9523403394;B
20240205;100559;201.870000000;50;9523403468;B
20240205;100600;201.870000000;20;9523403762;B
20240205;100600;201.870000000;10;9523403763;B
20240205;100600;201.890000000;130;9523403764;B
20240205;100600;201.900000000;100;9523403765;B
20240205;100600;201.900000000;140;9523403766;B
20240205;100600;201.900000000;60;9523403790;B
20240205;100603;201.780000000;40;9523404488;S
20240205;100606;201.860000000;20;9523405265;B
20240205;100611;201.860000000;10;9523406286;B
20240205;100613;201.860000000;10;9523406721;B
20240205;100614;201.860000000;40;9523406854;B
20240205;100623;201.850000000;10;9523408874;B
20240205;100624;201.800000000;30;9523409022;B
20240205;100624;201.840000000;70;9523409023;B
20240205;100624;201.850000000;100;9523409199;B
20240205;100625;201.860000000;90;9523409373;B
20240205;100626;201.790000000;30;9523409421;S
20240205;100626;201.790000000;20;9523409469;S
20240205;100626;201.790000000;50;9523409519;S
20240205;100626;201.780000000;20;9523409520;S
20240205;100627;201.780000000;30;9523409804;S
20240205;100627;201.780000000;60;9523409805;S
20240205;100627;201.770000000;40;9523409806;S
20240205;100629;201.770000000;30;9523409987;S
20240205;100633;201.840000000;70;9523410818;B
20240205;100633;201.850000000;80;9523410819;B
20240205;100637;201.770000000;850;9523411608;S
20240205;100641;201.770000000;50;9523412305;S
20240205;100641;201.770000000;100;9523412306;S
20240205;100641;201.770000000;50;9523412307;S
20240205;100641;201.770000000;180;9523412308;B
20240205;100642;201.760000000;10;9523412482;S
20240205;100642;201.760000000;10;9523412483;S
20240205;100642;201.750000000;10;9523412484;S
20240205;100642;201.750000000;10;9523412501;S
20240205;100642;201.750000000;500;9523412503;S
20240205;100642;201.750000000;50;9523412504;S
20240205;100642;201.750000000;30;9523412518;S
20240205;100642;201.770000000;20;9523412583;B
20240205;100644;201.810000000;20;9523412935;B
20240205;100645;201.750000000;300;9523413051;S
20240205;100649;201.770000000;50;9523413976;S
20240205;100651;201.770000000;100;9523414519;B
20240205;100651;201.770000000;100;9523414707;B
20240205;100652;201.760000000;50;9523414973;S
20240205;100652;201.750000000;910;9523414974;S
20240205;100652;201.770000000;10;9523415009;B
20240205;100653;201.760000000;50;9523415113;S
20240205;100653;201.750000000;10;9523415180;S
20240205;100653;201.750000000;20;9523415182;S
20240205;100654;201.770000000;1850;9523415209;B
20240205;100654;201.770000000;150;9523415210;B
20240205;100654;201.750000000;40;9523415228;S
20240205;100654;201.750000000;200;9523415286;S
20240205;100655;201.750000000;30;9523415448;S
20240205;100655;201.750000000;10;9523415449;S
20240205;100655;201.730000000;10;9523415450;S
20240205;100655;201.730000000;180;9523415451;S
20240205;100655;201.720000000;10;9523415452;S
20240205;100655;201.720000000;50;9523415453;S
20240205;100655;201.710000000;30;9523415454;S
20240205;100655;201.710000000;10;9523415455;S
20240205;100655;201.710000000;10;9523415456;S
20240205;100655;201.710000000;160;9523415457;S
20240205;100655;201.710000000;10;9523415462;S
20240205;100655;201.710000000;10;9523415463;S
20240205;100655;201.710000000;20;9523415475;S
20240205;100655;201.700000000;10;9523415476;S
20240205;100655;201.700000000;150;9523415477;S
20240205;100655;201.700000000;320;9523415478;S
20240205;100656;201.700000000;690;9523415535;S
20240205;100656;201.700000000;340;9523415575;S
20240205;100656;201.750000000;50;9523415629;S
20240205;100656;201.700000000;490;9523415630;S
20240205;100658;201.780000000;130;9523415905;B
20240205;100700;201.710000000;70;9523416241;S
20240205;100700;201.700000000;160;9523416242;S
20240205;100700;201.700000000;10;9523416243;S
20240205;100700;201.700000000;200;9523416244;S
20240205;100700;201.700000000;30;9523416245;S
20240205;100700;201.700000000;10;9523416246;S
20240205;100700;201.700000000;100;9523416247;S
20240205;100700;201.700000000;10;9523416248;S
20240205;100700;201.690000000;500;9523416249;S
20240205;100700;201.680000000;500;9523416250;S
20240205;100700;201.670000000;10;9523416251;S
20240205;100700;201.670000000;180;9523416252;S
20240205;100700;201.650000000;10;9523416253;S
20240205;100700;201.650000000;20;9523416254;S
20240205;100700;201.640000000;10;9523416255;S
20240205;100700;201.640000000;200;9523416256;S
20240205;100700;201.610000000;10;9523416257;S
20240205;100700;201.610000000;30;9523416258;S
20240205;100700;201.610000000;10;9523416259;S
20240205;100700;201.610000000;1490;9523416260;S
20240205;100700;201.600000000;10;9523416261;S
20240205;100700;201.600000000;560;9523416262;S
20240205;100700;201.700000000;200;9523416375;S
20240205;100700;201.700000000;10;9523416377;S
20240205;100701;201.700000000;40;9523416589;S
20240205;100701;201.640000000;1500;9523416590;S
20240205;100701;201.630000000;20;9523416591;S
20240205;100701;201.630000000;70;9523416592;S
20240205;100701;201.620000000;180;9523416593;S
20240205;100701;201.600000000;160;9523416594;S
20240205;100701;201.600000000;100;9523416595;S
20240205;100701;201.600000000;100;9523416596;S
20240205;100701;201.600000000;100;9523416597;S
20240205;100701;201.600000000;100;9523416598;S
20240205;100701;201.600000000;100;9523416599;S
20240205;100701;201.600000000;100;9523416600;S
20240205;100701;201.600000000;1000;9523416601;S
20240205;100701;201.600000000;10;9523416602;S
20240205;100701;201.600000000;30;9523416603;S
20240205;100701;201.600000000;10;9523416604;S
20240205;100701;201.590000000;260;9523416605;S
20240205;100701;201.610000000;40;9523416625;S
20240205;100701;201.590000000;740;9523416626;S
20240205;100701;201.580000000;10;9523416627;S
20240205;100701;201.580000000;210;9523416628;S
20240205;100701;201.590000000;40;9523416643;S
20240205;100701;201.580000000;2790;9523416644;S
20240205;100701;201.580000000;70;9523416645;S
20240205;100701;201.580000000;180;9523416646;S
20240205;100701;201.570000000;10;9523416647;S
20240205;100701;201.570000000;250;9523416648;S
20240205;100701;201.560000000;200;9523416649;S
20240205;100701;201.550000000;10;9523416650;S
20240205;100701;201.550000000;10;9523416651;S
20240205;100701;201.530000000;360;9523416652;S
20240205;100701;201.530000000;140;9523416653;S
20240205;100701;201.530000000;90;9523416654;S
20240205;100701;201.530000000;40;9523416655;S
20240205;100701;201.540000000;20;9523416674;S
20240205;100701;201.700000000;50;9523416684;B
20240205;100701;201.560000000;20;9523416690;S
20240205;100701;201.550000000;10;9523416691;S
20240205;100701;201.550000000;70;9523416698;S
20240205;100701;201.550000000;920;9523416709;S
20240205;100701;201.540000000;240;9523416710;S
20240205;100701;201.540000000;70;9523416711;S
20240205;100701;201.530000000;160;9523416712;S
20240205;100701;201.520000000;50;9523416713;S
20240205;100701;201.520000000;20;9523416714;S
20240205;100701;201.510000000;10;9523416715;S
20240205;100701;201.510000000;30;9523416716;S
20240205;100701;201.510000000;10;9523416717;S
20240205;100701;201.510000000;200;9523416718;S
20240205;100701;201.510000000;10;9523416719;S
20240205;100701;201.510000000;1050;9523416720;S
20240205;100701;201.520000000;100;9523416722;S
20240205;100701;201.500000000;10;9523416723;S
20240205;100701;201.500000000;10;9523416724;S
20240205;100701;201.500000000;100;9523416725;S
20240205;100701;201.500000000;10;9523416726;S
20240205;100701;201.500000000;10;9523416727;S
20240205;100701;201.500000000;2630;9523416728;S
20240205;100701;201.510000000;40;9523416747;S
20240205;100701;201.500000000;1070;9523416748;S
20240205;100701;201.500000000;250;9523416749;S
20240205;100701;201.500000000;10;9523416750;S
20240205;100701;201.500000000;10;9523416751;S
20240205;100701;201.500000000;30;9523416752;S
20240205;100701;201.500000000;180;9523416753;S
20240205;100701;201.500000000;70;9523416754;S
20240205;100701;201.500000000;240;9523416755;B
20240205;100701;201.500000000;200;9523416756;B
20240205;100701;201.480000000;10;9523416758;S
20240205;100701;201.450000000;10;9523416759;S
20240205;100701;201.450000000;10;9523416760;S
20240205;100701;201.450000000;10;9523416761;S
20240205;100701;201.440000000;10;9523416762;S
20240205;100701;201.430000000;10;9523416763;S
20240205;100701;201.430000000;70;9523416764;S
20240205;100701;201.430000000;350;9523416766;S
20240205;100701;201.420000000;650;9523416767;S
20240205;100701;201.430000000;10;9523416782;S
20240205;100701;201.500000000;50;9523416787;B
20240205;100701;201.500000000;10;9523416814;B
20240205;100701;201.500000000;20;9523416815;B
20240205;100701;201.500000000;40;9523416816;B
20240205;100702;201.430000000;100;9523416853;S
20240205;100702;201.430000000;60;9523416890;S
20240205;100702;201.430000000;10;9523416891;S
20240205;100702;201.420000000;140;9523416892;S
20240205;100702;201.410000000;10;9523416893;S
20240205;100702;201.410000000;30;9523416894;S
20240205;100702;201.400000000;10;9523416895;S
20240205;100702;201.400000000;100;9523416896;S
20240205;100702;201.390000000;200;9523416897;S
20240205;100702;201.400000000;20;9523416918;S
20240205;100702;201.400000000;60;9523416921;S
20240205;100702;201.390000000;440;9523416922;S
20240205;100702;201.390000000;10;9523416924;S
20240205;100702;201.400000000;100;9523416959;B
20240205;100702;201.390000000;50;9523416960;S
20240205;100702;201.390000000;2000;9523416974;S
20240205;100702;201.390000000;100;9523416975;S
20240205;100702;201.390000000;760;9523416981;S
20240205;100702;201.390000000;220;9523417055;S
20240205;100702;201.390000000;220;9523417064;S
20240205;100702;201.380000000;70;9523417065;S
20240205;100702;201.370000000;250;9523417066;S
20240205;100702;201.350000000;10;9523417067;S
20240205;100702;201.350000000;10;9523417068;S
20240205;100702;201.340000000;10;9523417069;S
20240205;100702;201.340000000;80;9523417070;S
20240205;100702;201.330000000;100;9523417071;S
20240205;100702;201.330000000;10;9523417072;S
20240205;100702;201.310000000;30;9523417073;S
20240205;100702;201.300000000;10;9523417074;S
20240205;100702;201.290000000;10;9523417075;S
20240205;100702;201.260000000;20;9523417076;S
20240205;100702;201.250000000;10;9523417077;S
20240205;100702;201.250000000;140;9523417078;S
20240205;100702;201.260000000;120;9523417079;S
20240205;100702;201.250000000;2880;9523417080;S
20240205;100702;201.420000000;50;9523417093;B
20240205;100702;201.420000000;100;9523417094;B
20240205;100702;201.250000000;70;9523417102;S
20240205;100703;201.250000000;20;9523417142;S
20240205;100703;201.250000000;390;9523417144;S
20240205;100703;201.250000000;10;9523417145;S
20240205;100703;201.240000000;70;9523417146;S
20240205;100703;201.220000000;510;9523417147;S
20240205;100703;201.250000000;300;9523417183;S
20240205;100703;201.390000000;30;9523417213;B
20240205;100703;201.300000000;10;9523417219;S
20240205;100703;201.210000000;10;9523417220;S
20240205;100703;201.210000000;30;9523417221;S
20240205;100703;201.210000000;10;9523417222;S
20240205;100703;201.210000000;20;9523417223;S
20240205;100703;201.210000000;40;9523417225;S
20240205;100703;201.210000000;430;9523417226;S
20240205;100703;201.290000000;10;9523417238;S
20240205;100703;201.200000000;10;9523417239;S
20240205;100703;201.200000000;80;9523417240;S
20240205;100703;201.200000000;40;9523417241;S
20240205;100703;201.200000000;50;9523417242;S
20240205;100703;201.200000000;20;9523417243;S
20240205;100703;201.200000000;20;9523417244;S
20240205;100703;201.200000000;100;9523417245;S
20240205;100703;201.200000000;20;9523417246;S
20240205;100703;201.190000000;2060;9523417247;S
20240205;100703;201.190000000;160;9523417248;S
20240205;100703;201.190000000;440;9523417249;S
20240205;100703;201.390000000;10;9523417250;B
20240205;100703;201.390000000;10;9523417251;B
20240205;100703;201.190000000;500;9523417253;S
20240205;100703;201.380000000;30;9523417283;B
20240205;100703;201.190000000;50;9523417287;S
20240205;100703;201.180000000;210;9523417296;S
20240205;100704;201.340000000;100;9523417350;B
20240205;100704;201.340000000;10;9523417413;B
20240205;100704;201.260000000;10;9523417432;S
20240205;100704;201.250000000;50;9523417433;S
20240205;100704;201.250000000;50;9523417434;S
20240205;100704;201.220000000;80;9523417435;S
20240205;100704;201.220000000;20;9523417440;S
20240205;100704;201.200000000;580;9523417441;S
20240205;100704;201.190000000;20;9523417454;S
20240205;100705;201.350000000;20;9523417525;B
20240205;100705;201.370000000;50;9523417526;B
20240205;100705;201.370000000;180;9523417527;B
20240205;100705;201.370000000;90;9523417528;B
20240205;100705;201.380000000;380;9523417529;B
20240205;100705;201.390000000;70;9523417530;B
20240205;100705;201.400000000;260;9523417531;B
20240205;100705;201.430000000;20;9523417532;B
20240205;100705;201.500000000;10;9523417533;B
20240205;100705;201.500000000;550;9523417534;B
20240205;100705;201.500000000;30;9523417535;B
20240205;100705;201.530000000;500;9523417536;B
20240205;100705;201.700000000;60;9523417537;B
20240205;100705;201.430000000;60;9523417572;S
20240205;100705;201.650000000;50;9523417695;B
20240205;100707;201.550000000;20;9523418171;S
20240205;100707;201.540000000;10;9523418172;S
20240205;100707;201.520000000;10;9523418173;S
20240205;100707;201.490000000;30;9523418174;S
20240205;100707;201.490000000;60;9523418175;S
20240205;100708;201.620000000;180;9523418264;B
20240205;100708;201.650000000;10;9523418265;B
20240205;100708;201.650000000;310;9523418266;B
20240205;100708;201.490000000;20;9523418312;S
20240205;100709;201.670000000;20;9523418442;B
20240205;100709;201.510000000;10;9523418465;S
20240205;100709;201.490000000;50;9523418466;S
20240205;100709;201.580000000;30;9523418521;B
20240205;100710;201.520000000;10;9523418636;S
20240205;100710;201.500000000;10;9523418637;S
20240205;100710;201.500000000;290;9523418638;S
20240205;100711;201.560000000;10;9523418780;S
20240205;100712;201.560000000;10;9523418997;B
20240205;100714;201.530000000;10;9523419462;S
20240205;100714;201.520000000;10;9523419463;S
20240205;100714;201.520000000;10;9523419464;S
20240205;100714;201.510000000;20;9523419465;S
20240205;100715;201.560000000;10;9523419664;S
20240205;100717;201.500000000;80;9523420050;S
20240205;100717;201.500000000;80;9523420090;S
20240205;100718;201.500000000;50;9523420347;S
20240205;100719;201.450000000;20;9523420424;S
20240205;100719;201.420000000;50;9523420425;S
20240205;100719;201.410000000;60;9523420426;S
20240205;100719;201.400000000;180;9523420427;S
20240205;100719;201.380000000;500;9523420428;S
20240205;100719;201.370000000;60;9523420429;S
20240205;100719;201.360000000;90;9523420430;S
20240205;100719;201.300000000;1000;9523420431;S
20240205;100719;201.300000000;40;9523420432;S
20240205;100720;201.360000000;300;9523420849;B
20240205;100723;201.480000000;10;9523421500;B
20240205;100723;201.480000000;10;9523421501;B
20240205;100724;201.390000000;50;9523421589;S
20240205;100726;201.490000000;10;9523421854;B
20240205;100726;201.490000000;100;9523421857;B
20240205;100726;201.360000000;10;9523421960;S
20240205;100726;201.290000000;50;9523421961;S
20240205;100726;201.270000000;60;9523421962;S
20240205;100726;201.260000000;180;9523421963;S
20240205;100726;201.260000000;210;9523421964;S
20240205;100726;201.270000000;180;9523421979;S
20240205;100726;201.260000000;320;9523421980;S
20240205;100732;201.410000000;180;9523422962;S
20240205;100732;201.480000000;10;9523422975;B
20240205;100732;201.410000000;20;9523423059;S
20240205;100734;201.410000000;70;9523423294;S
20240205;100734;201.490000000;50;9523423313;B
20240205;100735;201.480000000;50;9523423631;B
20240205;100737;201.470000000;150;9523423942;B
20240205;100739;201.460000000;20;9523424305;B
20240205;100739;201.460000000;40;9523424366;B
20240205;100740;201.460000000;20;9523424469;B
20240205;100741;201.410000000;10;9523424670;S
20240205;100744;201.460000000;430;9523425055;B
20240205;100744;201.480000000;70;9523425056;B
20240205;100749;201.410000000;20;9523426117;S
20240205;100749;201.410000000;50;9523426118;S
20240205;100749;201.400000000;30;9523426119;S
20240205;100749;201.400000000;90;9523426120;S
20240205;100751;201.440000000;10;9523426372;B
20240205;100751;201.440000000;850;9523426391;B
20240205;100751;201.450000000;130;9523426392;B
20240205;100753;201.490000000;20;9523426686;B
20240205;100753;201.500000000;230;9523426687;B
20240205;100754;201.490000000;10;9523426840;S
20240205;100754;201.450000000;50;9523426841;S
20240205;100754;201.440000000;340;9523426842;S
20240205;100754;201.480000000;20;9523426952;B
20240205;100757;201.470000000;10;9523427695;S
20240205;100757;201.460000000;1490;9523427696;S
20240205;100757;201.450000000;90;9523427697;S
20240205;100757;201.440000000;430;9523427698;S
20240205;100757;201.430000000;180;9523427699;S
20240205;100757;201.410000000;100;9523427700;S
20240205;100757;201.400000000;260;9523427701;S
20240205;100757;201.350000000;10;9523427702;S
20240205;100757;201.340000000;430;9523427703;S
20240205;100802;201.540000000;180;9523428915;B
20240205;100802;201.550000000;40;9523428916;B
20240205;100802;201.570000000;180;9523428917;B
20240205;100802;201.560000000;100;9523428947;B
20240205;100805;201.560000000;50;9523429462;B
20240205;100806;201.560000000;30;9523429692;B
20240205;100806;201.570000000;20;9523429693;B
20240205;100807;201.570000000;10;9523429794;B
20240205;100808;201.570000000;10;9523430051;B
20240205;100809;201.460000000;10;9523430226;S
20240205;100815;201.550000000;40;9523431380;S
20240205;100815;201.540000000;20;9523431381;S
20240205;100817;201.590000000;10;9523431681;B
20240205;100817;201.580000000;10;9523431809;B
20240205;100819;201.550000000;10;9523431983;S
20240205;100819;201.540000000;130;9523431984;S
20240205;100819;201.460000000;10;9523431985;S
20240205;100819;201.460000000;50;9523432007;B
20240205;100820;201.480000000;400;9523432156;S
20240205;100820;201.480000000;50;9523432169;S
20240205;100820;201.470000000;10;9523432175;B
20240205;100820;201.450000000;10;9523432176;S
20240205;100820;201.450000000;50;9523432177;S
20240205;100820;201.450000000;10;9523432178;S
20240205;100820;201.420000000;20;9523432180;S
20240205;100820;201.420000000;180;9523432181;S
20240205;100820;201.420000000;40;9523432182;S
20240205;100820;201.440000000;100;9523432231;S
20240205;100821;201.550000000;10;9523432299;B
20240205;100823;201.540000000;20;9523432738;S
20240205;100823;201.440000000;40;9523432744;S
20240205;100823;201.430000000;260;9523432745;S
20240205;100823;201.480000000;20;9523432764;S
20240205;100823;201.430000000;1180;9523432765;S
20240205;100826;201.560000000;180;9523433198;B
20240205;100826;201.570000000;70;9523433199;B
20240205;100829;201.510000000;10;9523433786;S
20240205;100832;201.510000000;10;9523434232;S
20240205;100833;201.560000000;250;9523434344;B
20240205;100833;201.510000000;150;9523434345;S
20240205;100833;201.560000000;10;9523434350;B
20240205;100833;201.560000000;10;9523434354;B
20240205;100835;201.540000000;10;9523434675;B
20240205;100835;201.540000000;100;9523434860;B
20240205;100836;201.540000000;40;9523435026;B
20240205;100837;201.540000000;300;9523435188;B
20240205;100838;201.540000000;30;9523435418;S
20240205;100839;201.540000000;100;9523435504;S
20240205;100839;201.560000000;20;9523435608;B
20240205;100840;201.550000000;70;9523435749;S
20240205;100840;201.550000000;40;9523435750;S
20240205;100840;201.560000000;10;9523435801;B
20240205;100847;201.560000000;10;9523436917;B
20240205;100848;201.560000000;10;9523437070;B
20240205;100849;201.550000000;30;9523437201;S
20240205;100849;201.560000000;680;9523437289;B
20240205;100849;201.560000000;100;9523437290;B
20240205;100850;201.570000000;30;9523437347;B
20240205;100850;201.570000000;50;9523437348;B
20240205;100850;201.580000000;10;9523437349;B
20240205;100850;201.580000000;60;9523437350;B
20240205;100850;201.570000000;40;9523437351;S
20240205;100850;201.570000000;460;9523437352;S
20240205;100850;201.590000000;100;9523437445;S
20240205;100850;201.600000000;100;9523437446;S
20240205;100852;201.630000000;10;9523437790;S
20240205;100858;201.680000000;10;9523438757;B
20240205;100858;201.750000000;190;9523438758;B
20240205;100858;201.750000000;30;9523438773;B
20240205;100858;201.760000000;30;9523438774;B
20240205;100858;201.790000000;20;9523438793;B
20240205;100858;201.790000000;50;9523438802;B
20240205;100858;201.800000000;10;9523438803;B
20240205;100858;201.800000000;440;9523438804;B
20240205;100859;201.670000000;30;9523439024;S
20240205;100859;201.650000000;180;9523439025;S
20240205;100859;201.640000000;90;9523439026;S
20240205;100901;201.650000000;10;9523439486;S
20240205;100904;201.810000000;10;9523439910;B
20240205;100907;201.820000000;10;9523440919;B
20240205;100909;201.810000000;10;9523441232;B
20240205;100909;201.700000000;40;9523441300;S
20240205;100913;201.710000000;110;9523442174;S
20240205;100916;201.810000000;120;9523442594;S
20240205;100923;201.810000000;20;9523443680;B
20240205;100923;201.760000000;10;9523443733;S
20240205;100923;201.760000000;10;9523443734;S
20240205;100923;201.810000000;10;9523443824;B
20240205;100925;201.780000000;20;9523444245;B
20240205;100926;201.780000000;40;9523444357;B
20240205;100926;201.790000000;10;9523444358;B
20240205;100927;201.800000000;20;9523444466;B
20240205;100928;201.800000000;10;9523444755;B
20240205;100932;201.760000000;90;9523445555;S
20240205;100934;201.760000000;50;9523445949;S
20240205;100934;201.720000000;70;9523445950;S
20240205;100937;201.800000000;100;9523446291;B
20240205;100937;201.770000000;30;9523446361;S
20240205;100942;201.750000000;30;9523447075;B
20240205;100947;201.720000000;180;9523448070;S
20240205;100952;201.750000000;30;9523449129;B
20240205;100954;201.750000000;100;9523449446;B
20240205;100955;201.720000000;10;9523449647;S
20240205;100955;201.750000000;30;9523449731;B
20240205;100957;201.720000000;100;9523450067;S
20240205;100957;201.750000000;20;9523450101;B
20240205;100957;201.750000000;10;9523450102;B
20240205;100957;201.750000000;30;9523450103;B
20240205;101004;201.770000000;30;9523451399;B
20240205;101005;201.770000000;10;9523451655;B
20240205;101007;201.750000000;70;9523452069;S
20240205;101008;201.770000000;240;9523452258;B
20240205;101008;201.780000000;40;9523452259;B
20240205;101008;201.800000000;870;9523452260;B
20240205;101008;201.800000000;400;9523452261;B
20240205;101008;201.800000000;170;9523452262;B
20240205;101008;201.800000000;350;9523452263;B
20240205;101008;201.800000000;220;9523452264;B
20240205;101008;201.810000000;460;9523452265;B
20240205;101008;201.820000000;10;9523452266;B
20240205;101008;201.830000000;10;9523452267;B
20240205;101008;201.830000000;10;9523452268;B
20240205;101008;201.840000000;10;9523452269;B
20240205;101008;201.840000000;10;9523452270;B
20240205;101008;201.840000000;10;9523452271;B
20240205;101008;201.850000000;10;9523452272;B
20240205;101008;201.860000000;10;9523452273;B
20240205;101008;201.870000000;150;9523452274;B
20240205;101008;201.880000000;700;9523452275;B
20240205;101008;201.890000000;40;9523452276;S
20240205;101008;201.880000000;960;9523452277;S
20240205;101013;201.930000000;100;9523453145;B
20240205;101013;201.950000000;10;9523453168;B
20240205;101014;201.950000000;10;9523453279;B
20240205;101017;201.950000000;200;9523453795;B
20240205;101018;201.900000000;50;9523453921;S
20240205;101018;201.890000000;140;9523453922;B
20240205;101018;201.890000000;10;9523453935;B
20240205;101018;201.900000000;40;9523453936;S
20240205;101018;201.890000000;960;9523453937;S
20240205;101019;201.930000000;1000;9523454160;S
20240205;101019;201.930000000;1000;9523454161;S
20240205;101023;201.950000000;80;9523455032;B
20240205;101023;201.950000000;20;9523455033;B
20240205;101025;201.920000000;900;9523455459;S
20240205;101029;201.950000000;10;9523456419;B
20240205;101030;201.920000000;100;9523456562;S
20240205;101030;201.960000000;40;9523456579;B
20240205;101031;201.920000000;130;9523456722;S
20240205;101033;201.950000000;40;9523457125;B
20240205;101033;201.950000000;60;9523457126;S
20240205;101034;201.960000000;10;9523457596;B
20240205;101034;201.910000000;30;9523457597;S
20240205;101043;201.960000000;10;9523459158;S
20240205;101044;201.960000000;50;9523459435;S
20240205;101046;201.950000000;40;9523459754;B
20240205;101046;201.960000000;510;9523459755;B
20240205;101046;201.960000000;210;9523459756;B
20240205;101049;201.980000000;160;9523460159;B
20240205;101049;201.980000000;40;9523460160;B
20240205;101049;201.980000000;190;9523460161;B
20240205;101051;201.990000000;50;9523460482;B
20240205;101051;201.980000000;10;9523460551;S
20240205;101052;201.990000000;100;9523460717;B
20240205;101052;202.000000000;100;9523460718;B
20240205;101052;202.000000000;50;9523460719;B
20240205;101052;202.000000000;100;9523460720;B
20240205;101052;202.000000000;60;9523460721;B
20240205;101052;202.000000000;500;9523460722;B
20240205;101052;202.000000000;50;9523460723;B
20240205;101052;202.000000000;10;9523460724;B
20240205;101052;202.000000000;30;9523460725;B
20240205;101059;202.000000000;10;9523462622;S
20240205;101104;202.010000000;10;9523463389;B
20240205;101104;202.010000000;50;9523463471;B
20240205;101104;202.010000000;40;9523463501;B
20240205;101104;202.010000000;50;9523463502;B
20240205;101104;202.010000000;20;9523463503;B
20240205;101104;202.020000000;200;9523463504;B
20240205;101104;202.060000000;20;9523463505;B
20240205;101104;202.060000000;420;9523463506;B
20240205;101105;202.070000000;30;9523463566;B
20240205;101105;202.070000000;10;9523463639;B
20240205;101105;202.070000000;860;9523463667;B
20240205;101109;202.080000000;10;9523464381;B
20240205;101110;202.080000000;100;9523464536;B
20240205;101110;202.080000000;10;9523464538;B
20240205;101110;202.060000000;10;9523464539;S
20240205;101111;202.080000000;10;9523464596;B
20240205;101112;202.080000000;40;9523464871;B
20240205;101113;202.080000000;50;9523464954;B
20240205;101113;202.080000000;10;9523464974;B
20240205;101115;202.080000000;240;9523465299;B
20240205;101115;202.080000000;30;9523465337;B
20240205;101115;202.080000000;70;9523465338;B
20240205;101116;202.080000000;50;9523465460;B
20240205;101119;202.080000000;130;9523465802;B
20240205;101123;202.080000000;150;9523466602;B
20240205;101124;202.060000000;40;9523466639;S
20240205;101124;202.050000000;10;9523466640;S
20240205;101130;202.080000000;100;9523467695;B
20240205;101130;202.090000000;10;9523467696;B
20240205;101130;202.090000000;10;9523467697;B
20240205;101130;202.100000000;100;9523467698;B
20240205;101130;202.170000000;20;9523467714;B
20240205;101130;202.240000000;40;9523467715;B
20240205;101130;202.250000000;220;9523467716;B
20240205;101130;202.260000000;30;9523467717;B
20240205;101130;202.320000000;30;9523467718;B
20240205;101130;202.330000000;860;9523467719;B
20240205;101130;202.340000000;70;9523467762;B
20240205;101130;202.340000000;30;9523467764;B
20240205;101130;202.360000000;20;9523467765;B
20240205;101130;202.360000000;10;9523467768;B
20240205;101131;202.360000000;10;9523467788;B
20240205;101131;202.360000000;140;9523467795;B
20240205;101131;202.350000000;710;9523467971;B
20240205;101131;202.370000000;40;9523467972;B
20240205;101131;202.370000000;40;9523467973;B
20240205;101131;202.380000000;220;9523467974;B
20240205;101131;202.400000000;100;9523467975;B
20240205;101131;202.410000000;590;9523467976;B
20240205;101138;202.340000000;20;9523469109;B
20240205;101138;202.350000000;10;9523469110;B
20240205;101138;202.370000000;10;9523469111;B
20240205;101138;202.390000000;40;9523469112;B
20240205;101138;202.400000000;10;9523469113;B
20240205;101158;202.350000000;100;9523471883;S
20240205;101204;202.300000000;20;9523473138;S
20240205;101205;202.300000000;40;9523473322;S
20240205;101209;202.300000000;10;9523474158;S
20240205;101210;202.300000000;20;9523474269;S
20240205;101211;202.300000000;40;9523474489;S
20240205;101212;202.260000000;10;9523474547;S
20240205;101212;202.260000000;40;9523474548;S
20240205;101215;202.260000000;30;9523475017;S
20240205;101220;202.260000000;30;9523475836;S
20240205;101220;202.260000000;10;9523475837;S
20240205;101220;202.260000000;10;9523475838;S
20240205;101220;202.250000000;70;9523475839;S
20240205;101220;202.250000000;40;9523475840;S
20240205;101220;202.230000000;20;9523475841;S
20240205;101220;202.220000000;180;9523475842;S
20240205;101220;202.200000000;950;9523475843;S
20240205;101224;202.250000000;150;9523476712;S
20240205;101224;202.240000000;40;9523476713;S
20240205;101224;202.200000000;480;9523476714;S
20240205;101224;202.150000000;180;9523476715;S
20240205;101224;202.120000000;1470;9523476716;S
20240205;101224;202.110000000;500;9523476717;S
20240205;101224;202.100000000;10;9523476718;S
20240205;101224;202.090000000;500;9523476719;S
20240205;101224;202.080000000;1900;9523476720;S
20240205;101224;202.060000000;10;9523476721;S
20240205;101224;202.020000000;30;9523476722;S
20240205;101224;202.020000000;80;9523476723;S
20240205;101224;202.010000000;170;9523476724;S
20240205;101224;202.020000000;60;9523476733;S
20240205;101224;202.020000000;10;9523476748;S
20240205;101224;202.020000000;10;9523476754;S
20240205;101224;202.020000000;100;9523476840;S
20240205;101224;202.010000000;40;9523476841;S
20240205;101229;202.160000000;10;9523477857;B
20240205;101231;202.160000000;170;9523478191;B
20240205;101231;202.170000000;100;9523478192;B
20240205;101231;202.170000000;40;9523478193;B
20240205;101231;202.210000000;220;9523478194;B
20240205;101231;202.230000000;1800;9523478195;B
20240205;101231;202.240000000;1670;9523478196;B
20240205;101231;202.060000000;100;9523478264;S
20240205;101235;202.140000000;10;9523478836;B
20240205;101235;202.160000000;30;9523478837;B
20240205;101241;202.100000000;10;9523479865;S
20240205;101241;202.080000000;20;9523479866;S
20240205;101248;202.020000000;10;9523480925;S
20240205;101250;202.090000000;50;9523481365;B
20240205;101250;202.100000000;40;9523481366;B
20240205;101250;202.110000000;180;9523481367;B
20240205;101250;202.130000000;210;9523481368;B
20240205;101250;202.140000000;20;9523481369;B
20240205;101250;202.160000000;100;9523481370;B
20240205;101250;202.200000000;400;9523481371;B
20240205;101259;202.090000000;20;9523482625;S
20240205;101306;202.090000000;10;9523483942;B
20240205;101308;202.090000000;90;9523484498;B
20240205;101308;202.100000000;40;9523484499;B
20240205;101308;202.100000000;180;9523484500;B
20240205;101308;202.130000000;200;9523484501;B
20240205;101308;202.160000000;20;9523484502;B
20240205;101308;202.200000000;2270;9523484503;B
20240205;101315;202.190000000;10;9523485950;B
20240205;101324;202.150000000;50;9523487721;S
20240205;101324;202.100000000;30;9523487722;S
20240205;101324;202.070000000;20;9523487723;S
20240205;101325;202.050000000;100;9523487742;S
20240205;101325;202.050000000;80;9523487751;S
20240205;101325;202.040000000;10;9523487752;S
20240205;101325;202.040000000;10;9523487753;S
20240205;101325;202.040000000;20;9523487901;S
20240205;101328;202.160000000;40;9523488340;B
20240205;101331;202.070000000;80;9523489039;S
20240205;101337;202.090000000;10;9523490217;S
20240205;101343;202.160000000;500;9523491628;B
20240205;101344;202.160000000;10;9523491779;B
20240205;101346;202.160000000;470;9523492192;B
20240205;101346;202.170000000;180;9523492193;B
20240205;101346;202.180000000;30;9523492194;B
20240205;101346;202.190000000;190;9523492195;B
20240205;101346;202.200000000;700;9523492196;S
20240205;101346;202.200000000;300;9523492198;S
20240205;101346;202.200000000;1000;9523492268;S
20240205;101347;202.210000000;10;9523492490;B
20240205;101353;202.200000000;10;9523493370;S
20240205;101354;202.220000000;10;9523493420;B
20240205;101355;202.270000000;30;9523493663;B
20240205;101355;202.270000000;960;9523493664;B
20240205;101356;202.200000000;60;9523493831;S
20240205;101357;202.200000000;10;9523493953;S
20240205;101401;202.240000000;30;9523494603;S
20240205;101401;202.230000000;80;9523494604;S
20240205;101401;202.240000000;10;9523494607;S
20240205;101410;202.250000000;30;9523496050;S
20240205;101410;202.240000000;70;9523496051;S
20240205;101420;202.270000000;300;9523497816;B
20240205;101423;202.260000000;30;9523498639;S
20240205;101423;202.250000000;100;9523498640;S
20240205;101424;202.240000000;50;9523498732;S
20240205;101424;202.230000000;100;9523498733;S
20240205;101424;202.230000000;800;9523498735;S
20240205;101424;202.250000000;190;9523498826;B
20240205;101428;202.240000000;10;9523499573;B
20240205;101428;202.250000000;10;9523499574;B
20240205;101432;202.250000000;10;9523500250;B
20240205;101432;202.230000000;20;9523500260;S
20240205;101432;202.220000000;30;9523500261;S
20240205;101432;202.210000000;450;9523500262;S
20240205;101432;202.210000000;160;9523500263;S
20240205;101433;202.230000000;300;9523500519;S
20240205;101433;202.230000000;200;9523500520;S
20240205;101433;202.230000000;10;9523500545;B
20240205;101434;202.210000000;190;9523500574;S
20240205;101434;202.180000000;180;9523500575;S
20240205;101434;202.150000000;300;9523500658;B
20240205;101440;202.150000000;10;9523501361;B
20240205;101441;202.150000000;1010;9523501517;B
20240205;101442;202.150000000;10;9523501595;B
20240205;101447;202.150000000;330;9523502376;B
20240205;101450;202.120000000;70;9523502908;S
20240205;101450;202.090000000;10;9523502909;S
20240205;101450;202.060000000;1770;9523502910;S
20240205;101450;202.050000000;150;9523502911;S
20240205;101450;202.050000000;250;9523502912;S
20240205;101450;202.050000000;10;9523502913;S
20240205;101450;202.040000000;10;9523502914;S
20240205;101450;202.040000000;20;9523502915;S
20240205;101450;202.040000000;1490;9523502916;S
20240205;101450;202.030000000;10;9523502917;S
20240205;101450;202.030000000;10;9523502918;S
20240205;101450;202.030000000;1200;9523502919;S
20240205;101450;202.140000000;40;9523502925;B
20240205;101450;202.140000000;70;9523502926;B
20240205;101451;202.140000000;60;9523503044;B
20240205;101455;202.050000000;40;9523503889;S
20240205;101455;202.050000000;200;9523503890;B
20240205;101456;202.030000000;250;9523503919;S
20240205;101457;202.030000000;10;9523504106;S
20240205;101501;202.030000000;10;9523505097;S
20240205;101511;202.100000000;10;9523506865;B
20240205;101513;202.100000000;10;9523507211;B
20240205;101514;202.100000000;220;9523507692;B
20240205;101515;202.180000000;120;9523507936;B
20240205;101515;202.200000000;30;9523507937;B
20240205;101515;202.230000000;80;9523507938;B
20240205;101515;202.240000000;190;9523507939;B
20240205;101515;202.260000000;80;9523507940;B
20240205;101515;202.270000000;10;9523508257;B
20240205;101517;202.260000000;10;9523508775;S
20240205;101517;202.280000000;10;9523508844;B
20240205;101518;202.180000000;20;9523508918;S
20240205;101519;202.260000000;20;9523509242;B
20240205;101519;202.270000000;80;9523509243;B
20240205;101520;202.150000000;30;9523509511;S
20240205;101529;202.160000000;10;9523511259;S
20240205;101529;202.250000000;10;9523511341;B
20240205;101529;202.250000000;120;9523511396;B
20240205;101530;202.160000000;10;9523511463;S
20240205;101531;202.200000000;10;9523511820;S
20240205;101533;202.200000000;10;9523512084;S
20240205;101534;202.210000000;20;9523512245;S
20240205;101535;202.230000000;10;9523512556;S
20240205;101536;202.210000000;10;9523512790;S
20240205;101537;202.270000000;20;9523513097;B
20240205;101539;202.210000000;10;9523513371;S
20240205;101539;202.210000000;10;9523513503;S
20240205;101539;202.270000000;480;9523513535;B
20240205;101539;202.270000000;10;9523513536;B
20240205;101539;202.280000000;10;9523513537;B
20240205;101539;202.280000000;130;9523513538;B
20240205;101541;202.210000000;10;9523513837;S
20240205;101555;202.270000000;10;9523516576;S
20240205;101555;202.260000000;10;9523516614;S
20240205;101556;202.260000000;10;9523516683;S
20240205;101557;202.260000000;10;9523516760;S
20240205;101557;202.260000000;10;9523516775;S
20240205;101557;202.260000000;10;9523516865;S
20240205;101558;202.270000000;10;9523516991;S
20240205;101558;202.270000000;10;9523517032;S
20240205;101558;202.270000000;10;9523517049;S
20240205;101559;202.270000000;20;9523517233;S
20240205;101601;202.270000000;10;9523517567;S
20240205;101601;202.270000000;10;9523517568;S
20240205;101601;202.270000000;10;9523517668;S
20240205;101602;202.270000000;10;9523517746;S
20240205;101604;202.270000000;10;9523518158;S
20240205;101604;202.270000000;30;9523518159;S
20240205;101604;202.260000000;460;9523518160;S
20240205;101605;202.260000000;10;9523518532;S
20240205;101605;202.260000000;10;9523518694;S
20240205;101609;202.270000000;10;9523519308;S
20240205;101610;202.270000000;10;9523519556;S
20240205;101610;202.270000000;10;9523519644;S
20240205;101611;202.260000000;10;9523519744;S
20240205;101612;202.280000000;10;9523519973;B
20240205;101612;202.280000000;10;9523520004;B
20240205;101614;202.280000000;150;9523520207;B
20240205;101614;202.290000000;50;9523520208;B
20240205;101614;202.290000000;50;9523520209;B
20240205;101614;202.270000000;30;9523520263;S
20240205;101614;202.260000000;40;9523520264;S
20240205;101617;202.290000000;50;9523521162;B
20240205;101618;202.290000000;30;9523521401;S
20240205;101618;202.280000000;70;9523521402;S
20240205;101620;202.280000000;500;9523521864;S
20240205;101623;202.350000000;30;9523522547;B
20240205;101624;202.360000000;10;9523522628;B
20240205;101634;202.350000000;20;9523524599;B
20240205;101635;202.350000000;20;9523524710;B
20240205;101636;202.350000000;60;9523525045;B
20240205;101636;202.350000000;30;9523525046;B
20240205;101636;202.350000000;410;9523525047;S
20240205;101638;202.360000000;10;9523525335;B
20240205;101646;202.360000000;190;9523526775;B
20240205;101646;202.370000000;30;9523526776;B
20240205;101646;202.380000000;240;9523526777;B
20240205;101646;202.390000000;90;9523526778;B
20240205;101649;202.310000000;80;9523527438;S
20240205;101651;202.300000000;10;9523527787;S
20240205;101652;202.360000000;1000;9523527922;S
20240205;101655;202.310000000;10;9523528448;S
20240205;101657;202.310000000;10;9523528787;S
20240205;101659;202.310000000;10;9523529162;S
20240205;101702;202.330000000;30;9523529725;B
20240205;101702;202.340000000;80;9523529726;B
20240205;101702;202.310000000;10;9523529741;S
20240205;101703;202.310000000;10;9523529969;S
20240205;101704;202.330000000;10;9523530066;B
20240205;101704;202.350000000;230;9523530137;B
20240205;101705;202.330000000;90;9523530389;S
20240205;101706;202.330000000;30;9523530499;B
20240205;101706;202.330000000;70;9523530500;S
20240205;101708;202.310000000;10;9523530964;S
20240205;101713;202.310000000;30;9523531854;S
20240205;101718;202.310000000;410;9523532613;S
20240205;101718;202.300000000;140;9523532614;S
20240205;101718;202.300000000;50;9523532615;S
20240205;101718;202.290000000;10;9523532629;S
20240205;101719;202.260000000;420;9523532987;S
20240205;101719;202.260000000;300;9523532988;S
20240205;101719;202.230000000;10160;9523532989;S
20240205;101719;202.210000000;500;9523532990;S
20240205;101719;202.210000000;180;9523532991;S
20240205;101719;202.200000000;980;9523532992;S
20240205;101719;202.200000000;10;9523532993;S
20240205;101719;202.200000000;980;9523532994;S
20240205;101719;202.150000000;50;9523532995;S
20240205;101720;202.110000000;10;9523533025;S
20240205;101720;202.100000000;10;9523533191;S
20240205;101721;202.100000000;840;9523533248;S
20240205;101721;202.170000000;40;9523533258;B
20240205;101721;202.170000000;60;9523533259;B
20240205;101723;202.160000000;50;9523533699;B
20240205;101723;202.170000000;950;9523533700;B
20240205;101729;202.100000000;10;9523534910;S
20240205;101731;202.100000000;3920;9523535172;S
20240205;101731;202.100000000;10;9523535173;S
20240205;101731;202.100000000;1000;9523535174;S
20240205;101731;202.100000000;5000;9523535175;S
20240205;101731;202.100000000;70;9523535176;S
20240205;101734;202.100000000;30;9523535959;S
20240205;101742;202.100000000;100;9523537505;S
20240205;101750;202.130000000;50;9523539137;S
20240205;101751;202.150000000;20;9523539377;B
20240205;101751;202.110000000;10;9523539398;S
20240205;101812;202.140000000;30;9523544631;S
20240205;101814;202.160000000;10;9523545043;S
20240205;101814;202.160000000;10;9523545066;S
20240205;101821;202.160000000;10;9523547097;S
20240205;101826;202.140000000;10;9523548311;S
20240205;101827;202.170000000;10;9523548606;B
20240205;101827;202.170000000;50;9523548607;S
20240205;101827;202.170000000;950;9523548608;S
20240205;101827;202.170000000;30;9523548609;S
20240205;101828;202.160000000;10;9523548711;S
20240205;101835;202.150000000;20;9523550860;S
20240205;101836;202.150000000;270;9523550983;S
20240205;101836;202.150000000;10;9523550984;S
20240205;101836;202.140000000;320;9523550985;S
20240205;101836;202.170000000;100;9523551127;B
20240205;101840;202.150000000;20;9523552231;S
20240205;101842;202.160000000;10;9523552759;B
20240205;101843;202.150000000;10;9523552976;S
20240205;101849;202.160000000;60;9523554313;B
20240205;101850;202.160000000;10;9523554383;S
20240205;101850;202.170000000;10;9523554482;B
20240205;101852;202.170000000;20;9523554904;B
20240205;101853;202.170000000;40;9523555144;B
20240205;101853;202.160000000;10;9523555183;S
20240205;101854;202.170000000;50;9523555468;B
20240205;101858;202.160000000;30;9523556320;S
20240205;101901;202.170000000;290;9523556865;B
20240205;101903;202.170000000;10;9523557190;B
20240205;101905;202.170000000;60;9523557765;B
20240205;101905;202.170000000;10;9523557790;B
20240205;101907;202.170000000;20;9523558040;B
20240205;101909;202.160000000;40;9523558503;S
20240205;101912;202.160000000;10;9523559028;S
20240205;101914;202.160000000;10;9523559406;S
20240205;101917;202.170000000;60;9523559978;B
20240205;101918;202.170000000;10;9523560227;B
20240205;101918;202.170000000;100;9523560228;B
20240205;101920;202.160000000;870;9523560621;S
20240205;101920;202.160000000;100;9523560622;S
20240205;101920;202.150000000;100;9523560623;S
20240205;101920;202.140000000;200;9523560624;S
20240205;101920;202.130000000;50;9523560625;S
20240205;101920;202.120000000;90;9523560626;S
20240205;101920;202.120000000;1490;9523560627;S
20240205;101920;202.120000000;10;9523560628;S
20240205;101920;202.110000000;390;9523560629;S
20240205;101920;202.110000000;150;9523560630;S
20240205;101920;202.110000000;700;9523560631;S
20240205;101920;202.110000000;500;9523560632;S
20240205;101920;202.110000000;1720;9523560633;S
20240205;101920;202.110000000;10;9523560634;S
20240205;101920;202.100000000;3620;9523560635;S
20240205;101920;202.160000000;50;9523560672;B
20240205;101920;202.100000000;20;9523560694;S
20240205;101921;202.160000000;10;9523560903;B
20240205;101922;202.160000000;10;9523561156;B
20240205;101922;202.160000000;20;9523561213;B
20240205;101923;202.160000000;150;9523561641;B
20240205;101923;202.160000000;70;9523561642;B
20240205;101923;202.170000000;10;9523561643;B
20240205;101927;202.160000000;20;9523562418;B
20240205;101931;202.110000000;10;9523563246;S
20240205;101931;202.130000000;150;9523563258;B
20240205;101931;202.140000000;80;9523563259;B
20240205;101931;202.150000000;50;9523563260;B
20240205;101933;202.160000000;10;9523563610;S
20240205;101935;202.170000000;100;9523564150;B
20240205;101935;202.170000000;80;9523564151;B
20240205;101935;202.170000000;10;9523564152;B
20240205;101938;202.170000000;10;9523564697;S
20240205;101939;202.170000000;10;9523564853;S
20240205;101940;202.170000000;10;9523565137;S
20240205;101940;202.190000000;10;9523565184;B
20240205;101941;202.170000000;10;9523565346;S
20240205;101942;202.170000000;10;9523565513;S
20240205;101942;202.170000000;10;9523565529;S
20240205;101944;202.190000000;490;9523565993;B
20240205;101944;202.190000000;10;9523565994;B
20240205;101944;202.180000000;50;9523566017;S
20240205;101945;202.180000000;10;9523566133;S
20240205;101947;202.180000000;10;9523566520;S
20240205;101948;202.180000000;10;9523566843;S
20240205;101949;202.200000000;30;9523566997;B
20240205;101954;202.180000000;10;9523568362;S
20240205;101957;202.190000000;10;9523568969;S
20240205;101957;202.190000000;10;9523569160;S
20240205;101958;202.190000000;10;9523569244;S
20240205;101958;202.200000000;30;9523569245;B
20240205;102000;202.190000000;10;9523569607;S
20240205;102001;202.200000000;10;9523570135;B
20240205;102001;202.190000000;10;9523570259;S
20240205;102002;202.190000000;10;9523570373;S
20240205;102003;202.200000000;10;9523570496;B
20240205;102005;202.190000000;10;9523570847;S
20240205;102006;202.190000000;10;9523571100;S
20240205;102009;202.190000000;10;9523572336;B
20240205;102009;202.200000000;10;9523573013;B
20240205;102009;202.180000000;10;9523573221;S
20240205;102016;202.180000000;10;9523575898;S
20240205;102017;202.170000000;10;9523576386;S
20240205;102020;202.180000000;10;9523578474;S
20240205;102026;202.170000000;40;9523580023;S
20240205;102029;202.180000000;10;9523582303;S
20240205;102032;202.170000000;10;9523583224;S
20240205;102045;202.180000000;10;9523589042;S
20240205;102048;202.170000000;10;9523589732;S
20240205;102054;202.190000000;20;9523592038;S
20240205;102055;202.190000000;50;9523592088;S
20240205;102055;202.180000000;10;9523592089;S
20240205;102100;202.200000000;60;9523594142;B
20240205;102100;202.190000000;120;9523594231;S
20240205;102100;202.180000000;130;9523594232;S
20240205;102100;202.190000000;10;9523594287;S
20240205;102101;202.190000000;10;9523594367;S
20240205;102102;202.190000000;50;9523594768;S
20240205;102107;202.190000000;20;9523596955;S
20240205;102107;202.190000000;40;9523596956;S
20240205;102110;202.200000000;30;9523598118;B
20240205;102111;202.200000000;400;9523598548;B
20240205;102113;202.190000000;50;9523599420;S
20240205;102113;202.180000000;1350;9523599421;S
20240205;102113;202.170000000;90;9523599422;S
20240205;102113;202.170000000;1100;9523599423;S
20240205;102113;202.170000000;300;9523599424;S
20240205;102113;202.160000000;10;9523599425;S
20240205;102120;202.190000000;60;9523602116;B
20240205;102124;202.190000000;100;9523603031;B
20240205;102129;202.200000000;880;9523605075;B
20240205;102135;202.190000000;10;9523607053;S
20240205;102135;202.190000000;20;9523607054;S
20240205;102137;202.200000000;10;9523607769;B
20240205;102138;202.190000000;20;9523608277;S
20240205;102138;202.190000000;60;9523608330;S
20240205;102138;202.190000000;20;9523608331;S
20240205;102148;202.200000000;10;9523611378;B
20240205;102151;202.200000000;20;9523613163;B
20240205;102152;202.180000000;10;9523613355;S
20240205;102155;202.200000000;2000;9523614000;B
20240205;102155;202.190000000;100;9523614001;S
20240205;102156;202.190000000;530;9523614093;S
20240205;102156;202.180000000;70;9523614094;S
20240205;102156;202.180000000;10;9523614095;S
20240205;102156;202.170000000;860;9523614096;S
20240205;102157;202.200000000;100;9523614902;B
20240205;102200;202.170000000;30;9523616266;S
20240205;102200;202.190000000;10;9523616307;S
20240205;102203;202.190000000;10;9523617479;S
20240205;102203;202.190000000;10;9523617528;S
20240205;102205;202.190000000;10;9523618309;S
20240205;102213;202.200000000;20;9523620902;B
20240205;102214;202.190000000;200;9523621095;S
20240205;102214;202.200000000;20;9523621121;B
20240205;102215;202.200000000;10;9523621612;B
20240205;102215;202.180000000;10;9523621704;S
20240205;102222;202.180000000;100;9523623910;B
20240205;102222;202.170000000;70;9523623912;S
20240205;102222;202.160000000;500;9523623913;S
20240205;102222;202.150000000;210;9523623914;S
20240205;102226;202.160000000;10;9523625126;S
20240205;102234;202.160000000;20;9523627374;S
20240205;102235;202.160000000;10;9523628137;B
20240205;102236;202.180000000;10;9523628963;B
20240205;102237;202.180000000;10;9523629055;B
20240205;102246;202.180000000;10;9523631328;B
20240205;102247;202.150000000;50;9523631575;S
20240205;102255;202.180000000;270;9523634739;B
20240205;102255;202.180000000;40;9523634740;B
20240205;102255;202.190000000;1260;9523634741;B
20240205;102258;202.180000000;10;9523635277;S
20240205;102258;202.180000000;10;9523635317;S
20240205;102300;202.180000000;500;9523636049;S
20240205;102301;202.190000000;10;9523637077;B
20240205;102302;202.180000000;10;9523637595;S
20240205;102308;202.180000000;10;9523638903;S
20240205;102308;202.180000000;10;9523639360;S
20240205;102310;202.180000000;1450;9523639643;S
20240205;102310;202.180000000;70;9523639644;S
20240205;102310;202.160000000;50;9523639645;S
20240205;102310;202.160000000;400;9523639646;S
20240205;102310;202.150000000;100;9523639647;S
20240205;102314;202.180000000;10;9523641273;B
20240205;102319;202.180000000;50;9523643190;B
20240205;102325;202.180000000;10;9523644766;B
20240205;102330;202.190000000;10;9523646566;B
20240205;102330;202.190000000;20;9523646610;B
20240205;102331;202.170000000;10;9523647123;S
20240205;102334;202.180000000;10;9523648184;S
20240205;102336;202.180000000;20;9523648649;S
20240205;102337;202.180000000;10;9523649319;S
20240205;102338;202.180000000;10;9523649515;S
20240205;102338;202.190000000;50;9523649550;B
20240205;102338;202.180000000;10;9523649704;S
20240205;102340;202.180000000;40;9523650007;S
20240205;102342;202.170000000;10;9523650697;S
20240205;102342;202.170000000;10;9523650836;S
20240205;102343;202.170000000;10;9523650870;S
20240205;102344;202.170000000;10;9523651674;S
20240205;102347;202.180000000;10;9523652197;B
20240205;102348;202.170000000;10;9523652494;S
20240205;102348;202.160000000;10;9523652513;S
20240205;102349;202.160000000;10;9523652648;S
20240205;102351;202.180000000;40;9523653709;B
20240205;102351;202.190000000;60;9523653710;B
20240205;102352;202.180000000;10;9523653825;S
20240205;102357;202.170000000;10;9523654990;S
20240205;102358;202.160000000;220;9523655271;S
20240205;102358;202.150000000;280;9523655272;S
20240205;102401;202.190000000;10;9523657087;B
20240205;102409;202.190000000;20;9523659753;B
20240205;102410;202.180000000;10;9523660294;S
20240205;102410;202.180000000;10;9523660381;S
20240205;102413;202.180000000;10;9523661378;S
20240205;102413;202.180000000;10;9523661489;S
20240205;102414;202.180000000;10;9523661503;S
20240205;102415;202.180000000;10;9523661672;S
20240205;102415;202.190000000;10;9523661697;B
20240205;102415;202.180000000;10;9523661747;S
20240205;102416;202.180000000;10;9523662305;S
20240205;102418;202.180000000;10;9523663171;S
20240205;102419;202.180000000;10;9523663332;S
20240205;102419;202.190000000;450;9523663522;B
20240205;102419;202.190000000;300;9523663523;B
20240205;102420;202.190000000;250;9523663644;S
20240205;102420;202.190000000;70;9523663645;S
20240205;102420;202.170000000;60;9523663646;S
20240205;102420;202.160000000;620;9523663647;S
20240205;102423;202.170000000;10;9523664223;S
20240205;102424;202.180000000;10;9523664915;S
20240205;102425;202.180000000;10;9523665023;S
20240205;102425;202.180000000;10;9523665630;S
20240205;102425;202.170000000;10;9523665636;S
20240205;102425;202.170000000;10;9523665642;S
20240205;102426;202.200000000;10;9523665753;B
20240205;102426;202.200000000;100;9523665784;B
20240205;102427;202.190000000;10;9523666104;S
20240205;102429;202.180000000;10;9523666307;S
20240205;102430;202.190000000;10;9523666904;S
20240205;102431;202.180000000;10;9523667403;S
20240205;102431;202.180000000;10;9523667408;S
20240205;102431;202.180000000;10;9523667630;S
20240205;102432;202.180000000;10;9523667705;S
20240205;102432;202.170000000;180;9523667706;S
20240205;102435;202.190000000;10;9523668604;S
20240205;102435;202.180000000;10;9523668627;S
20240205;102436;202.180000000;10;9523668650;S
20240205;102436;202.180000000;10;9523668727;S
20240205;102438;202.180000000;10;9523668930;S
20240205;102438;202.190000000;10;9523669015;S
20240205;102438;202.180000000;10;9523669081;S
20240205;102439;202.180000000;10;9523670013;S
20240205;102439;202.180000000;10;9523670038;S
20240205;102440;202.180000000;10;9523670086;S
20240205;102440;202.180000000;10;9523670121;S
20240205;102441;202.190000000;10;9523670569;S
20240205;102441;202.200000000;150;9523670578;B
20240205;102441;202.180000000;160;9523670621;S
20240205;102444;202.180000000;10;9523671590;S
20240205;102444;202.190000000;10;9523671662;S
20240205;102445;202.180000000;10;9523671784;S
20240205;102448;202.190000000;10;9523672794;S
20240205;102448;202.180000000;10;9523672842;S
20240205;102449;202.180000000;10;9523672980;S
20240205;102450;202.180000000;10;9523673497;S
20240205;102450;202.180000000;10;9523673499;S
20240205;102455;202.170000000;10;9523674794;S
20240205;102455;202.180000000;10;9523675588;S
20240205;102455;202.170000000;10;9523675604;S
20240205;102500;202.170000000;10;9523677353;S
20240205;102503;202.200000000;30;9523677932;B
20240205;102506;202.200000000;20;9523679093;B
20240205;102506;202.170000000;10;9523679442;S
20240205;102508;202.200000000;10;9523680320;B
20240205;102513;202.200000000;10;9523681519;B
20240205;102516;202.200000000;10;9523683159;B
20240205;102518;202.200000000;2000;9523683518;B
20240205;102519;202.180000000;10;9523683778;S
20240205;102519;202.180000000;10;9523683802;S
20240205;102520;202.180000000;10;9523684169;S
20240205;102520;202.180000000;10;9523684172;S
20240205;102521;202.180000000;50;9523684257;S
20240205;102521;202.180000000;350;9523684348;S
20240205;102522;202.200000000;10;9523684525;B
20240205;102526;202.170000000;10;9523686714;S
20240205;102527;202.200000000;100;9523686947;B
20240205;102528;202.200000000;370;9523687147;B
20240205;102528;202.200000000;10;9523687148;B
20240205;102528;202.200000000;120;9523687149;B
20240205;102528;202.200000000;60;9523687152;B
20240205;102529;202.190000000;10;9523687539;S
20240205;102530;202.180000000;10;9523688215;S
20240205;102530;202.180000000;10;9523688216;S
20240205;102531;202.200000000;10;9523688325;B
20240205;102531;202.180000000;10;9523688644;S
20240205;102532;202.190000000;10;9523688783;S
20240205;102532;202.180000000;10;9523688826;S
20240205;102532;202.180000000;10;9523688838;S
20240205;102532;202.180000000;10;9523688840;S
20240205;102532;202.180000000;10;9523688850;S
20240205;102532;202.180000000;10;9523688869;S
20240205;102532;202.180000000;10;9523688923;S
20240205;102533;202.180000000;10;9523688928;S
20240205;102535;202.180000000;10;9523689563;S
20240205;102535;202.180000000;10;9523689569;S
20240205;102535;202.180000000;10;9523689593;S
20240205;102535;202.180000000;10;9523689663;S
20240205;102536;202.180000000;10;9523689815;S
20240205;102537;202.180000000;10;9523690357;S
20240205;102537;202.180000000;10;9523690520;S
20240205;102538;202.180000000;10;9523690535;S
20240205;102538;202.200000000;10;9523690594;B
20240205;102538;202.200000000;1000;9523690612;B
20240205;102538;202.180000000;10;9523690630;S
20240205;102538;202.180000000;10;9523690687;S
20240205;102539;202.180000000;10;9523690824;S
20240205;102539;202.190000000;10;9523690876;S
20240205;102539;202.180000000;10;9523690901;S
20240205;102539;202.180000000;10;9523690902;S
20240205;102539;202.180000000;10;9523690925;S
20240205;102540;202.180000000;10;9523690995;S
20240205;102540;202.180000000;10;9523691065;S
20240205;102541;202.180000000;10;9523691131;S
20240205;102542;202.180000000;10;9523691271;S
20240205;102542;202.190000000;10;9523691322;S
20240205;102542;202.180000000;10;9523691369;S
20240205;102542;202.180000000;10;9523691375;S
20240205;102543;202.180000000;10;9523691684;S
20240205;102544;202.180000000;10;9523691706;S
20240205;102544;202.180000000;10;9523691806;S
20240205;102544;202.190000000;10;9523691832;S
20240205;102545;202.180000000;10;9523691974;S
20240205;102546;202.180000000;10;9523692116;S
20240205;102548;202.180000000;10;9523692347;S
20240205;102550;202.190000000;10;9523692672;S
20240205;102550;202.180000000;10;9523692717;S
20240205;102550;202.180000000;10;9523692730;S
20240205;102550;202.200000000;10;9523692757;B
20240205;102551;202.180000000;10;9523693901;S
20240205;102552;202.180000000;10;9523695744;S
20240205;102553;202.200000000;790;9523695939;B
20240205;102553;202.200000000;90;9523695940;B
20240205;102553;202.200000000;20;9523695941;B
20240205;102553;202.200000000;20;9523695942;B
20240205;102553;202.200000000;10;9523695943;B
20240205;102606;202.200000000;70;9523700623;S
20240205;102606;202.190000000;20;9523700624;S
20240205;102606;202.180000000;290;9523700625;S
20240205;102611;202.230000000;10;9523702021;S
20240205;102612;202.270000000;30;9523702560;B
20240205;102615;202.270000000;10;9523703183;B
20240205;102617;202.200000000;20;9523703970;S
20240205;102617;202.190000000;80;9523703971;S
20240205;102617;202.180000000;70;9523703972;S
20240205;102619;202.200000000;10;9523704862;S
20240205;102620;202.200000000;10;9523704926;S
20240205;102628;202.200000000;80;9523706477;S
20240205;102628;202.190000000;350;9523706478;S
20240205;102628;202.190000000;10;9523706479;S
20240205;102628;202.180000000;10;9523706480;S
20240205;102628;202.180000000;10;9523706481;S
20240205;102628;202.180000000;1340;9523706482;S
20240205;102633;202.240000000;10;9523707387;B
20240205;102638;202.180000000;10;9523708111;S
20240205;102638;202.180000000;90;9523708112;S
20240205;102640;202.180000000;10;9523708609;S
20240205;102640;202.170000000;30;9523708610;S
20240205;102646;202.220000000;10;9523709773;B
20240205;102646;202.230000000;80;9523709774;B
20240205;102646;202.240000000;710;9523709775;B
20240205;102646;202.250000000;180;9523709776;B
20240205;102646;202.250000000;20;9523709777;B
20240205;102646;202.230000000;10;9523709813;S
20240205;102655;202.230000000;30;9523711809;S
20240205;102710;202.230000000;10;9523714364;S
20240205;102711;202.260000000;20;9523714487;B
20240205;102711;202.270000000;10;9523714562;B
20240205;102713;202.230000000;90;9523714876;S
20240205;102713;202.230000000;200;9523714877;S
20240205;102713;202.230000000;30;9523714878;S
20240205;102713;202.190000000;360;9523714879;S
20240205;102713;202.180000000;10;9523714880;S
20240205;102713;202.180000000;200;9523714881;S
20240205;102713;202.170000000;80;9523714882;S
20240205;102720;202.190000000;20;9523716194;S
20240205;102720;202.180000000;80;9523716195;S
20240205;102720;202.170000000;30;9523716196;S
20240205;102733;202.220000000;10;9523718582;B
20240205;102744;202.170000000;730;9523720652;S
20240205;102744;202.170000000;4990;9523720653;S
20240205;102744;202.170000000;10;9523720654;S
20240205;102744;202.170000000;10;9523720655;S
20240205;102744;202.170000000;200;9523720656;S
20240205;102744;202.170000000;90;9523720657;S
20240205;102744;202.160000000;10;9523720658;S
20240205;102744;202.160000000;480;9523720659;S
20240205;102744;202.160000000;10;9523720660;S
20240205;102744;202.150000000;3080;9523720661;S
20240205;102744;202.150000000;20;9523720662;S
20240205;102744;202.150000000;10;9523720663;S
20240205;102744;202.150000000;10;9523720664;S
20240205;102744;202.150000000;310;9523720665;S
20240205;102744;202.150000000;10;9523720666;S
20240205;102744;202.150000000;30;9523720667;S
20240205;102746;202.150000000;10;9523721019;S
20240205;102748;202.150000000;380;9523721687;S
20240205;102748;202.150000000;10;9523721688;S
20240205;102748;202.150000000;10;9523721689;S
20240205;102748;202.150000000;500;9523721690;S
20240205;102748;202.150000000;10;9523721691;S
20240205;102748;202.150000000;100;9523721692;S
20240205;102748;202.140000000;10;9523721693;S
20240205;102749;202.130000000;10;9523721699;S
20240205;102749;202.120000000;10;9523721700;S
20240205;102749;202.120000000;10;9523721701;S
20240205;102749;202.110000000;10;9523721702;S
20240205;102749;202.110000000;90;9523721703;S
20240205;102753;202.120000000;30;9523722484;B
20240205;102755;202.120000000;10;9523722821;B
20240205;102757;202.110000000;10;9523723069;S
20240205;102759;202.120000000;200;9523723382;B
20240205;102759;202.110000000;90;9523723434;S
20240205;102805;202.130000000;10;9523724616;B
20240205;102810;202.140000000;240;9523725378;B
20240205;102816;202.150000000;10;9523726838;B
20240205;102816;202.150000000;10;9523726839;B
20240205;102816;202.170000000;90;9523726840;B
20240205;102816;202.190000000;80;9523726841;B
20240205;102816;202.190000000;210;9523726842;B
20240205;102818;202.190000000;10;9523727223;B
20240205;102820;202.180000000;60;9523727635;B
20240205;102823;202.140000000;10;9523728015;S
20240205;102823;202.130000000;80;9523728016;S
20240205;102823;202.120000000;10;9523728017;S
20240205;102823;202.120000000;10;9523728018;S
20240205;102823;202.120000000;180;9523728019;S
20240205;102824;202.110000000;10;9523728176;S
20240205;102825;202.110000000;10;9523728387;S
20240205;102825;202.120000000;10;9523728406;B
20240205;102825;202.160000000;90;9523728407;B
20240205;102830;202.110000000;90;9523729172;S
20240205;102831;202.110000000;30;9523729302;S
20240205;102833;202.120000000;80;9523729600;B
20240205;102837;202.110000000;20;9523730244;S
20240205;102844;202.110000000;150;9523731418;S
20240205;102844;202.110000000;100;9523731419;S
20240205;102844;202.110000000;10;9523731420;S
20240205;102844;202.110000000;500;9523731421;S
20240205;102844;202.100000000;1160;9523731422;S
20240205;102844;202.100000000;1530;9523731423;S
20240205;102845;202.100000000;10;9523731616;S
20240205;102846;202.100000000;100;9523731741;S
20240205;102848;202.100000000;10;9523732003;S
20240205;102851;202.110000000;10;9523732583;B
20240205;102851;202.100000000;20;9523732701;S
20240205;102851;202.100000000;1960;9523732713;S
20240205;102852;202.100000000;10;9523732867;S
20240205;102853;202.100000000;10;9523733015;S
20240205;102853;202.110000000;20;9523733028;B
20240205;102853;202.100000000;10;9523733050;S
20240205;102854;202.100000000;10;9523733287;S
20240205;102854;202.100000000;160;9523733312;S
20240205;102855;202.100000000;10;9523733466;S
20240205;102855;202.100000000;1160;9523733480;S
20240205;102855;202.100000000;140;9523733481;S
20240205;102856;202.100000000;10;9523733518;S
20240205;102858;202.110000000;100;9523733837;B
20240205;102858;202.100000000;250;9523733838;S
20240205;102858;202.100000000;10;9523733839;S
20240205;102858;202.100000000;10;9523733840;S
20240205;102858;202.100000000;130;9523733841;S
20240205;102858;202.110000000;100;9523733842;B
20240205;102858;202.120000000;160;9523733843;B
20240205;102858;202.120000000;80;9523733844;B
20240205;102858;202.120000000;60;9523733845;S
20240205;102900;202.100000000;20;9523734248;S
20240205;102900;202.120000000;10;9523734294;B
20240205;102901;202.100000000;10;9523734332;S
20240205;102906;202.120000000;30;9523735425;B
20240205;102907;202.100000000;100;9523735589;S
20240205;102910;202.120000000;10;9523736261;B
20240205;102910;202.140000000;90;9523736262;B
20240205;102913;202.100000000;20;9523736716;S
20240205;102917;202.110000000;80;9523737555;B
20240205;102918;202.110000000;170;9523737725;B
20240205;102918;202.120000000;90;9523737726;B
20240205;102918;202.140000000;210;9523737727;B
20240205;102922;202.100000000;10;9523738358;S
20240205;102923;202.100000000;60;9523738416;S
20240205;102923;202.100000000;40;9523738417;S
20240205;102927;202.100000000;10;9523738880;S
20240205;102927;202.100000000;50;9523738881;S
20240205;102927;202.100000000;10;9523738882;S
20240205;102927;202.100000000;280;9523738883;S
20240205;102928;202.120000000;10;9523739127;B
20240205;102931;202.100000000;120;9523739861;S
20240205;102931;202.100000000;140;9523739862;S
20240205;102931;202.100000000;10;9523739863;S
20240205;102931;202.100000000;20;9523739864;S
20240205;102931;202.100000000;20;9523739865;S
20240205;102931;202.100000000;10;9523739866;S
20240205;102931;202.100000000;10;9523739867;S
20240205;102931;202.090000000;100;9523739868;S
20240205;102931;202.090000000;10;9523739869;S
20240205;102931;202.080000000;10;9523739870;S
20240205;102931;202.080000000;500;9523739871;S
20240205;102931;202.080000000;90;9523739872;S
20240205;102931;202.070000000;10;9523739873;S
20240205;102931;202.070000000;10;9523739874;S
20240205;102931;202.070000000;50;9523739875;S
20240205;102931;202.060000000;10;9523739876;S
20240205;102931;202.060000000;500;9523739877;S
20240205;102931;202.060000000;10;9523739878;S
20240205;102931;202.060000000;10;9523739879;S
20240205;102931;202.050000000;10;9523739880;S
20240205;102931;202.050000000;700;9523739881;S
20240205;102948;202.050000000;60;9523743499;S
20240205;102949;202.050000000;30;9523743664;S
20240205;102950;202.050000000;10;9523744033;S
20240205;102952;202.050000000;2490;9523744397;S
20240205;102957;202.050000000;10;9523745252;S
20240205;102957;202.050000000;950;9523745307;S
20240205;102959;202.080000000;470;9523745714;B
20240205;102959;202.090000000;90;9523745715;B
20240205;102959;202.090000000;20;9523745716;B
20240205;102959;202.120000000;10;9523745717;B
20240205;102959;202.130000000;180;9523745718;B
20240205;102959;202.140000000;230;9523745719;B
20240205;103000;202.060000000;10;9523745933;S
20240205;103000;202.060000000;90;9523745934;S
20240205;103000;202.060000000;100;9523745935;S
20240205;103000;202.120000000;10;9523746004;B
20240205;103016;202.120000000;10;9523748823;B
20240205;103016;202.100000000;10;9523748864;S
20240205;103019;202.100000000;110;9523749268;B
20240205;103023;202.110000000;100;9523750008;B
20240205;103023;202.060000000;90;9523750030;S
20240205;103023;202.050000000;60;9523750031;S
20240205;103029;202.100000000;50;9523751209;B
20240205;103033;202.050000000;10;9523751662;S
20240205;103034;202.100000000;100;9523751878;B
20240205;103043;202.100000000;10;9523753231;B
20240205;103043;202.050000000;680;9523753257;S
20240205;103043;202.050000000;1310;9523753258;S
20240205;103046;202.050000000;10;9523753657;S
20240205;103050;202.090000000;120;9523754371;B
20240205;103050;202.100000000;80;9523754372;B
20240205;103050;202.100000000;90;9523754373;B
20240205;103050;202.130000000;10;9523754374;B
20240205;103053;202.050000000;10;9523754849;S
20240205;103100;202.050000000;320;9523756115;S
20240205;103108;202.050000000;3140;9523758171;S
20240205;103113;202.060000000;10;9523758989;S
20240205;103113;202.050000000;80;9523758990;S
20240205;103115;202.100000000;60;9523759432;B
20240205;103115;202.100000000;100;9523759433;B
20240205;103115;202.100000000;30;9523759468;B
20240205;103115;202.110000000;70;9523759469;B
20240205;103118;202.050000000;110;9523759972;S
20240205;103121;202.060000000;840;9523760423;S
20240205;103121;202.050000000;20;9523760424;S
20240205;103121;202.050000000;10;9523760425;S
20240205;103121;202.050000000;10;9523760426;S
20240205;103121;202.050000000;10;9523760427;S
20240205;103121;202.050000000;600;9523760428;S
20240205;103121;202.050000000;1290;9523760429;S
20240205;103124;202.090000000;10;9523760972;B
20240205;103133;202.050000000;50;9523762377;S
20240205;103135;202.050000000;10;9523762894;S
20240205;103137;202.050000000;10;9523763161;S
20240205;103138;202.070000000;90;9523763371;B
20240205;103138;202.080000000;10;9523763372;B
20240205;103142;202.050000000;20;9523764188;S
20240205;103148;202.090000000;10;9523765304;B
20240205;103149;202.110000000;10;9523765354;B
20240205;103149;202.120000000;30;9523765355;B
20240205;103151;202.050000000;10;9523766278;S
20240205;103154;202.050000000;10;9523766821;S
20240205;103154;202.070000000;20;9523766825;B
20240205;103154;202.050000000;10;9523766827;S
20240205;103200;202.070000000;80;9523768003;B
20240205;103201;202.040000000;10;9523768138;S
20240205;103201;202.030000000;10;9523768139;S
20240205;103201;202.030000000;10;9523768140;S
20240205;103201;202.020000000;10;9523768141;S
20240205;103201;202.020000000;10;9523768142;S
20240205;103201;202.020000000;30;9523768143;S
20240205;103201;202.020000000;50;9523768144;S
20240205;103201;202.020000000;20;9523768145;S
20240205;103201;202.020000000;90;9523768146;S
20240205;103201;202.010000000;790;9523768147;S
20240205;103201;202.010000000;10;9523768148;S
20240205;103201;202.010000000;10;9523768149;S
20240205;103201;202.010000000;10;9523768150;S
20240205;103201;202.010000000;140;9523768151;S
20240205;103201;202.010000000;60;9523768176;S
20240205;103201;202.010000000;10;9523768193;S
20240205;103205;202.050000000;30;9523768852;B
20240205;103214;202.040000000;20;9523770933;S
20240205;103216;202.040000000;10;9523771257;S
20240205;103216;202.040000000;10;9523771321;S
20240205;103217;202.050000000;10;9523771600;B
20240205;103219;202.050000000;90;9523771872;S
20240205;103219;202.040000000;60;9523771873;S
20240205;103219;202.020000000;90;9523771874;S
20240205;103219;202.010000000;60;9523771875;S
20240205;103220;202.050000000;10;9523772235;S
20240205;103227;202.050000000;10;9523773373;S
20240205;103228;202.060000000;10;9523773449;S
20240205;103228;202.060000000;10;9523773657;S
20240205;103229;202.060000000;10;9523773717;S
20240205;103229;202.060000000;10;9523773733;S
20240205;103230;202.070000000;30;9523773805;B
20240205;103230;202.060000000;10;9523773988;S
20240205;103231;202.060000000;10;9523774070;S
20240205;103231;202.060000000;10;9523774077;S
20240205;103232;202.080000000;20;9523774206;B
20240205;103235;202.060000000;130;9523774666;S
20240205;103235;202.050000000;180;9523774667;S
20240205;103235;202.040000000;40;9523774668;S
20240205;103237;202.070000000;140;9523775092;B
20240205;103241;202.050000000;10;9523775785;S
20240205;103242;202.040000000;10;9523775969;S
20240205;103246;202.070000000;10;9523776593;B
20240205;103250;202.030000000;10;9523777203;S
20240205;103250;202.030000000;10;9523777204;S
20240205;103250;202.020000000;10;9523777205;S
20240205;103250;202.020000000;90;9523777206;S
20240205;103250;202.010000000;880;9523777207;S
20240205;103257;202.010000000;10;9523778962;S
20240205;103259;202.010000000;400;9523779392;S
20240205;103300;202.010000000;100;9523779602;S
20240205;103303;202.030000000;40;9523780073;B
20240205;103303;202.050000000;60;9523780074;B
20240205;103304;202.060000000;90;9523780112;B
20240205;103304;202.060000000;60;9523780113;B
20240205;103306;202.080000000;30;9523780621;B
20240205;103308;202.050000000;10;9523780886;S
20240205;103309;202.060000000;60;9523781121;B
20240205;103309;202.060000000;40;9523781122;B
20240205;103311;202.050000000;10;9523781459;S
20240205;103311;202.050000000;10;9523781611;S
20240205;103312;202.050000000;10;9523781720;S
20240205;103315;202.050000000;10;9523782259;S
20240205;103317;202.050000000;10;9523782497;S
20240205;103318;202.050000000;20;9523782723;S
20240205;103320;202.050000000;10;9523782992;S
20240205;103320;202.050000000;10;9523783121;S
20240205;103320;202.050000000;50;9523783122;S
20240205;103323;202.070000000;100;9523783581;B
20240205;103326;202.050000000;10;9523783960;S
20240205;103329;202.050000000;10;9523784390;S
20240205;103330;202.070000000;100;9523784735;B
20240205;103331;202.050000000;10;9523784899;S
20240205;103333;202.070000000;10;9523785161;B
20240205;103333;202.070000000;10;9523785171;B
20240205;103334;202.050000000;10;9523785307;S
20240205;103336;202.050000000;10;9523785694;S
20240205;103336;202.050000000;10;9523785740;S
20240205;103340;202.050000000;10;9523786412;S
20240205;103341;202.050000000;10;9523786579;S
20240205;103341;202.020000000;10;9523786600;S
20240205;103341;202.050000000;10;9523786670;B
20240205;103346;202.020000000;10;9523787853;S
20240205;103352;202.050000000;10;9523789144;B
20240205;103352;202.060000000;90;9523789145;B
20240205;103352;202.070000000;20;9523789146;B
20240205;103352;202.070000000;130;9523789147;B
20240205;103353;202.020000000;50;9523789191;S
20240205;103354;202.020000000;10;9523789439;S
20240205;103404;202.080000000;10;9523791523;B
20240205;103404;202.080000000;20;9523791524;B
20240205;103405;202.070000000;10;9523791611;S
20240205;103406;202.090000000;200;9523791905;B
20240205;103414;202.090000000;10;9523793088;B
20240205;103414;202.040000000;10;9523793138;S
20240205;103420;202.090000000;10;9523793970;B
20240205;103424;202.040000000;10;9523794493;S
20240205;103426;202.060000000;10;9523794886;S
20240205;103430;202.080000000;10;9523795568;B
20240205;103434;202.090000000;30;9523796351;B
20240205;103436;202.090000000;10;9523796660;B
20240205;103445;202.090000000;20;9523797971;B
20240205;103447;202.090000000;10;9523798467;B
20240205;103452;202.060000000;10;9523799393;S
20240205;103452;202.060000000;10;9523799419;S
20240205;103453;202.060000000;20;9523799430;S
20240205;103502;202.060000000;10;9523801184;S
20240205;103505;202.060000000;10;9523801857;S
20240205;103507;202.090000000;20;9523802152;B
20240205;103507;202.050000000;600;9523802192;S
20240205;103507;202.050000000;10;9523802193;S
20240205;103507;202.040000000;500;9523802194;S
20240205;103507;202.040000000;10;9523802195;S
20240205;103507;202.040000000;90;9523802196;S
20240205;103507;202.030000000;10;9523802197;S
20240205;103507;202.030000000;10;9523802198;S
20240205;103507;202.020000000;500;9523802199;S
20240205;103507;202.020000000;15790;9523802200;S
20240205;103507;202.020000000;10;9523802201;S
20240205;103507;202.010000000;2470;9523802202;S
20240205;103507;202.010000000;60;9523802204;S
20240205;103522;202.050000000;10;9523805029;B
20240205;103522;202.010000000;340;9523805071;S
20240205;103523;202.050000000;10;9523805226;B
20240205;103529;202.050000000;10;9523806470;B
20240205;103531;202.030000000;50;9523806792;B
20240205;103532;202.010000000;10;9523807007;S
20240205;103534;202.020000000;10;9523807295;S
20240205;103538;202.010000000;460;9523808028;S
20240205;103538;202.010000000;50;9523808029;S
20240205;103538;202.010000000;10;9523808030;S
20240205;103538;202.010000000;500;9523808031;S
20240205;103538;202.010000000;10;9523808032;S
20240205;103538;202.010000000;10;9523808033;S
20240205;103538;202.010000000;20;9523808034;S
