<DATE>;<TIME>;<LAST>;<VOL>;<ID>;<OPER>
20240219;095931;195.900000000;10;9636093692;S
20240219;095931;195.900000000;10;9636093693;S
20240219;095931;195.900000000;50;9636093694;S
20240219;095931;195.900000000;410;9636093695;S
20240219;095931;195.900000000;40;9636093696;B
20240219;095931;195.900000000;100;9636093697;B
20240219;095931;195.900000000;20;9636093698;B
20240219;095931;195.900000000;130;9636093699;S
20240219;095931;195.900000000;50;9636093700;B
20240219;095931;195.900000000;10;9636093701;B
20240219;095931;195.900000000;10;9636093702;B
20240219;095931;195.900000000;10;9636093703;S
20240219;095931;195.900000000;10;9636093704;S
20240219;095931;195.900000000;10;9636093705;S
20240219;095931;195.900000000;20;9636093706;S
20240219;095931;195.900000000;350;9636093707;S
20240219;095931;195.900000000;310;9636093708;S
20240219;095931;195.900000000;300;9636093709;B
20240219;095931;195.900000000;2300;9636093710;B
20240219;095931;195.900000000;10;9636093711;S
20240219;095931;195.900000000;220;9636093712;S
20240219;095931;195.900000000;1000;9636093713;B
20240219;095931;195.900000000;50;9636093714;B
20240219;095931;195.900000000;80;9636093715;B
20240219;095931;195.900000000;100;9636093716;B
20240219;095931;195.900000000;500;9636093717;S
20240219;095931;195.900000000;440;9636093718;B
20240219;095931;195.900000000;200;9636093719;S
20240219;095931;195.900000000;10;9636093720;B
20240219;095931;195.900000000;30;9636093721;B
20240219;095931;195.900000000;50;9636093722;B
20240219;095931;195.900000000;40;9636093723;B
20240219;095931;195.900000000;50;9636093724;B
20240219;095931;195.900000000;10;9636093725;S
20240219;095931;195.900000000;10;9636093726;B
20240219;095931;195.900000000;450;9636093727;B
20240219;095931;195.900000000;100;9636093728;B
20240219;095931;195.900000000;10;9636093729;S
20240219;095931;195.900000000;10;9636093730;S
20240219;095931;195.900000000;10;9636093731;S
20240219;095931;195.900000000;10;9636093732;S
20240219;095931;195.900000000;50;9636093733;S
20240219;095931;195.900000000;10;9636093734;S
20240219;095931;195.900000000;30;9636093735;S
20240219;095931;195.900000000;10;9636093736;S
20240219;095931;195.900000000;10;9636093737;S
20240219;095931;195.900000000;20;9636093738;S
20240219;095931;195.900000000;40;9636093739;S
20240219;095931;195.900000000;10;9636093740;B
20240219;095931;195.900000000;100;9636093741;B
20240219;095931;195.900000000;10;9636093742;B
20240219;095931;195.900000000;300;9636093743;B
20240219;095931;195.900000000;1500;9636093744;B
20240219;095931;195.900000000;10;9636093745;B
20240219;095931;195.900000000;50;9636093746;B
20240219;095931;195.900000000;50;9636093747;B
20240219;095931;195.900000000;10;9636093748;B
20240219;095931;195.900000000;10;9636093749;B
20240219;095931;195.900000000;10;9636093750;B
20240219;095931;195.900000000;10;9636093751;B
20240219;095931;195.900000000;10;9636093752;B
20240219;095931;195.900000000;20;9636093753;B
20240219;095931;195.900000000;10;9636093754;B
20240219;095931;195.900000000;50;9636093755;S
20240219;095931;195.900000000;500;9636093756;B
20240219;095931;195.900000000;740;9636093757;B
20240219;095931;195.900000000;20;9636093758;B
20240219;095931;195.900000000;1240;9636093759;B
20240219;100000;195.850000000;130;9636102688;S
20240219;100000;195.800000000;10;9636102782;S
20240219;100000;195.800000000;10;9636102783;S
20240219;100000;195.800000000;20;9636102784;S
20240219;100000;195.800000000;150;9636102785;S
20240219;100000;195.800000000;50;9636102786;S
20240219;100000;195.800000000;20;9636102787;S
20240219;100000;195.800000000;10;9636102788;S
20240219;100000;195.800000000;20;9636102789;S
20240219;100000;195.800000000;10;9636102790;S
20240219;100000;195.800000000;80;9636102791;S
20240219;100000;195.800000000;80;9636102792;S
20240219;100000;195.780000000;10;9636102793;S
20240219;100000;195.770000000;50;9636102847;S
20240219;100000;195.690000000;300;9636102928;S
20240219;100000;195.690000000;110;9636102930;S
20240219;100000;195.680000000;100;9636102959;S
20240219;100000;195.680000000;200;9636102960;S
20240219;100000;195.690000000;30;9636103014;B
20240219;100000;195.690000000;30;9636103015;B
20240219;100000;195.690000000;30;9636103016;B
20240219;100000;195.690000000;30;9636103017;B
20240219;100000;195.690000000;30;9636103018;B
20240219;100000;195.680000000;10;9636103067;S
20240219;100000;195.680000000;390;9636103068;S
20240219;100000;195.680000000;10;9636103090;S
20240219;100000;195.680000000;390;9636103091;S
20240219;100000;195.680000000;100;9636103093;S
20240219;100000;195.680000000;400;9636103116;S
20240219;100000;195.680000000;400;9636103132;S
20240219;100000;195.690000000;160;9636103170;S
20240219;100000;195.680000000;40;9636103171;S
20240219;100000;195.680000000;200;9636103219;S
20240219;100000;195.680000000;500;9636103223;S
20240219;100000;195.680000000;500;9636103236;S
20240219;100000;195.680000000;500;9636103243;S
20240219;100000;195.680000000;500;9636103259;S
20240219;100000;195.680000000;500;9636103267;S
20240219;100000;195.680000000;400;9636103280;S
20240219;100000;195.780000000;10;9636103318;B
20240219;100000;195.690000000;200;9636103506;B
20240219;100000;195.680000000;480;9636103521;S
20240219;100000;195.680000000;90;9636103524;S
20240219;100000;195.680000000;150;9636103525;S
20240219;100000;195.670000000;50;9636103526;S
20240219;100000;195.670000000;10;9636103527;S
20240219;100000;195.670000000;10;9636103588;S
20240219;100000;195.670000000;290;9636103592;B
20240219;100000;195.670000000;290;9636103599;B
20240219;100000;195.670000000;10;9636103600;B
20240219;100000;195.670000000;300;9636103601;B
20240219;100000;195.670000000;200;9636103611;B
20240219;100000;195.670000000;100;9636103612;B
20240219;100000;195.800000000;10;9636103720;B
20240219;100000;195.800000000;190;9636103721;B
20240219;100000;195.680000000;400;9636103812;B
20240219;100000;195.680000000;600;9636103813;B
20240219;100000;195.680000000;900;9636103814;B
20240219;100001;195.880000000;10;9636103947;B
20240219;100001;195.890000000;20;9636104102;B
20240219;100001;195.890000000;30;9636104307;B
20240219;100003;195.890000000;10;9636105936;B
20240219;100003;195.720000000;20;9636106036;S
20240219;100003;195.880000000;20;9636106280;B
20240219;100005;195.870000000;10;9636107160;B
20240219;100005;195.750000000;10;9636107161;S
20240219;100005;195.750000000;10;9636107162;S
20240219;100005;195.870000000;10;9636107163;B
20240219;100005;195.750000000;10;9636107164;S
20240219;100005;195.850000000;10;9636108033;B
20240219;100005;195.850000000;10;9636108063;B
20240219;100005;195.710000000;10;9636108072;S
20240219;100005;195.710000000;100;9636108235;S
20240219;100005;195.700000000;10;9636108236;S
20240219;100005;195.700000000;40;9636108237;S
20240219;100005;195.700000000;10;9636108544;S
20240219;100005;195.700000000;870;9636108547;S
20240219;100005;195.700000000;920;9636108548;S
20240219;100005;195.690000000;210;9636108549;S
20240219;100005;195.710000000;10;9636109012;S
20240219;100005;195.710000000;10;9636109013;S
20240219;100005;195.830000000;10;9636109144;B
20240219;100005;195.710000000;30;9636109149;S
20240219;100006;195.840000000;320;9636109720;B
20240219;100006;195.850000000;100;9636109721;B
20240219;100006;195.870000000;160;9636109722;B
20240219;100006;195.870000000;1840;9636109723;B
20240219;100006;195.880000000;130;9636109724;B
20240219;100006;195.710000000;20;9636109726;S
20240219;100006;195.880000000;50;9636109730;B
20240219;100006;195.710000000;10;9636109735;S
20240219;100006;195.880000000;10;9636110620;B
20240219;100006;195.710000000;10;9636110622;S
20240219;100006;195.710000000;10;9636110877;S
20240219;100006;195.880000000;10;9636110881;B
20240219;100006;195.720000000;50;9636111243;S
20240219;100007;195.690000000;40;9636111563;S
20240219;100007;195.660000000;10;9636111574;S
20240219;100007;195.660000000;30;9636111582;S
20240219;100007;195.640000000;80;9636111583;S
20240219;100007;195.650000000;90;9636111592;S
20240219;100007;195.650000000;20;9636111598;S
20240219;100007;195.650000000;10;9636111608;S
20240219;100007;195.730000000;10;9636112835;S
20240219;100007;195.850000000;10;9636112836;B
20240219;100007;195.730000000;30;9636112837;S
20240219;100007;195.730000000;10;9636113136;S
20240219;100008;195.850000000;10;9636113860;B
20240219;100008;195.730000000;100;9636113866;S
20240219;100008;195.850000000;80;9636114161;B
20240219;100008;195.890000000;170;9636114162;B
20240219;100008;195.900000000;60;9636114163;B
20240219;100008;195.900000000;20;9636114164;B
20240219;100008;195.900000000;500;9636114165;B
20240219;100008;195.900000000;90;9636114166;B
20240219;100008;195.920000000;30;9636114167;B
20240219;100008;195.930000000;1400;9636114168;B
20240219;100008;195.950000000;2500;9636114169;B
20240219;100008;195.970000000;10;9636114170;B
20240219;100008;195.970000000;10;9636114171;B
20240219;100008;195.970000000;10;9636114172;B
20240219;100008;195.970000000;300;9636114173;B
20240219;100008;195.970000000;10;9636114174;B
20240219;100008;195.970000000;10;9636114175;B
20240219;100008;195.970000000;10;9636114176;B
20240219;100008;195.970000000;10;9636114177;B
20240219;100008;195.970000000;80;9636114178;B
20240219;100008;195.970000000;10;9636114179;B
20240219;100008;195.970000000;10;9636114180;B
20240219;100008;195.970000000;50;9636114181;B
20240219;100008;195.970000000;10;9636114182;B
20240219;100008;195.970000000;290;9636114183;B
20240219;100008;195.970000000;190;9636114184;B
20240219;100008;195.970000000;20;9636114185;B
20240219;100008;195.970000000;20;9636114186;B
20240219;100008;195.970000000;100;9636114187;B
20240219;100008;195.970000000;5000;9636114188;B
20240219;100008;195.980000000;200;9636114193;S
20240219;100008;195.980000000;300;9636114194;S
20240219;100008;195.980000000;700;9636114195;S
20240219;100008;195.990000000;10;9636114663;B
20240219;100008;195.990000000;10;9636115003;B
20240219;100008;195.980000000;10;9636115008;S
20240219;100008;195.990000000;180;9636115376;B
20240219;100008;195.990000000;120;9636115377;B
20240219;100008;195.990000000;680;9636115378;B
20240219;100008;196.000000000;70;9636115381;B
20240219;100008;196.000000000;30;9636115382;B
20240219;100008;196.000000000;10;9636115383;B
20240219;100008;195.990000000;80;9636115445;S
20240219;100008;196.100000000;10;9636115448;B
20240219;100008;196.110000000;10;9636115799;B
20240219;100008;196.200000000;10;9636115800;B
20240219;100008;196.210000000;100;9636115809;B
20240219;100008;196.210000000;50;9636115852;B
20240219;100008;196.210000000;200;9636115881;B
20240219;100009;196.020000000;20;9636115954;S
20240219;100009;196.030000000;20;9636115961;S
20240219;100009;196.200000000;10;9636115968;S
20240219;100009;196.030000000;200;9636115974;S
20240219;100009;196.030000000;200;9636115976;S
20240219;100009;196.030000000;60;9636116141;S
20240219;100009;196.030000000;10;9636116430;S
20240219;100009;196.090000000;10;9636116714;B
20240219;100009;196.210000000;50;9636116715;B
20240219;100009;196.260000000;10;9636116716;B
20240219;100009;196.260000000;200;9636116752;B
20240219;100009;196.260000000;20;9636116884;B
20240219;100009;196.260000000;200;9636116949;B
20240219;100009;196.260000000;60;9636116976;B
20240219;100009;196.270000000;240;9636116977;B
20240219;100009;196.280000000;100;9636116978;B
20240219;100009;196.290000000;180;9636116979;B
20240219;100009;196.310000000;1020;9636116980;B
20240219;100009;196.320000000;10;9636116981;B
20240219;100009;196.340000000;10;9636116982;B
20240219;100009;196.350000000;380;9636116983;B
20240219;100009;196.200000000;20;9636117008;B
20240219;100009;196.340000000;40;9636117009;B
20240219;100010;196.250000000;110;9636117041;S
20240219;100010;196.080000000;190;9636117042;S
20240219;100010;196.080000000;100;9636117043;S
20240219;100010;196.080000000;100;9636117044;S
20240219;100010;196.080000000;100;9636117045;S
20240219;100010;196.360000000;1540;9636117068;B
20240219;100010;196.370000000;500;9636117069;B
20240219;100010;196.380000000;100;9636117070;B
20240219;100010;196.390000000;490;9636117071;B
20240219;100010;196.400000000;750;9636117072;B
20240219;100010;196.430000000;1010;9636117073;B
20240219;100010;196.450000000;30;9636117074;B
20240219;100010;196.470000000;10;9636117075;B
20240219;100010;196.480000000;570;9636117076;B
20240219;100010;196.380000000;10;9636117246;B
20240219;100010;196.380000000;10;9636117888;B
20240219;100010;196.380000000;200;9636118281;B
20240219;100010;196.240000000;30;9636118315;S
20240219;100010;196.220000000;40;9636118337;S
20240219;100010;196.220000000;460;9636118338;S
20240219;100010;196.470000000;200;9636118409;B
20240219;100010;196.450000000;10;9636118508;B
20240219;100010;196.260000000;100;9636118533;S
20240219;100010;196.250000000;100;9636118534;S
20240219;100010;196.440000000;100;9636118575;B
20240219;100010;196.440000000;1400;9636118576;B
20240219;100011;196.210000000;10;9636118630;S
20240219;100011;196.450000000;10;9636118678;B
20240219;100011;196.450000000;190;9636118679;B
20240219;100011;196.450000000;30;9636118710;B
20240219;100011;196.250000000;20;9636118843;S
20240219;100011;196.440000000;20;9636118983;B
20240219;100011;196.440000000;70;9636118984;B
20240219;100011;196.480000000;30;9636119041;B
20240219;100012;196.270000000;100;9636119536;B
20240219;100012;196.220000000;30;9636119577;S
20240219;100012;196.380000000;10;9636119734;S
20240219;100013;196.300000000;10;9636120199;S
20240219;100014;196.450000000;10;9636120326;B
20240219;100015;196.450000000;10;9636120868;B
20240219;100015;196.460000000;90;9636120869;B
20240219;100016;196.460000000;10;9636121088;B
20240219;100019;196.480000000;10;9636121843;B
20240219;100022;196.470000000;40;9636122408;B
20240219;100022;196.480000000;10;9636122409;B
20240219;100022;196.490000000;10;9636122410;B
20240219;100022;196.490000000;40;9636122411;B
20240219;100022;196.490000000;20;9636122602;B
20240219;100022;196.500000000;20;9636122603;B
20240219;100022;196.500000000;50;9636122604;B
20240219;100022;196.500000000;10;9636122605;B
20240219;100022;196.500000000;2000;9636122606;B
20240219;100022;196.500000000;200;9636122607;B
20240219;100022;196.550000000;10;9636122608;B
20240219;100022;196.570000000;10;9636122609;B
20240219;100022;196.640000000;180;9636122610;B
20240219;100022;196.460000000;50;9636122675;S
20240219;100022;196.620000000;200;9636122711;B
20240219;100022;196.500000000;60;9636122722;S
20240219;100023;196.670000000;150;9636122766;B
20240219;100023;196.670000000;50;9636122767;B
20240219;100023;196.660000000;760;9636122883;B
20240219;100023;196.660000000;10;9636122966;B
20240219;100023;196.660000000;50;9636123034;B
20240219;100024;196.660000000;10;9636123383;B
20240219;100025;196.670000000;160;9636123564;B
20240219;100025;196.680000000;1840;9636123565;B
20240219;100025;196.680000000;170;9636123607;B
20240219;100026;196.580000000;10;9636123964;S
20240219;100027;196.670000000;100;9636124244;B
20240219;100027;196.680000000;1900;9636124245;B
20240219;100028;196.590000000;30;9636124424;S
20240219;100028;196.580000000;90;9636124425;S
20240219;100028;196.540000000;1840;9636124426;S
20240219;100028;196.530000000;30;9636124427;S
20240219;100028;196.530000000;1540;9636124428;S
20240219;100028;196.530000000;1010;9636124429;S
20240219;100028;196.490000000;460;9636124430;S
20240219;100028;196.600000000;100;9636124619;S
20240219;100028;196.500000000;240;9636124620;S
20240219;100028;196.490000000;1010;9636124621;S
20240219;100028;196.480000000;60;9636124622;S
20240219;100028;196.470000000;500;9636124623;S
20240219;100028;196.460000000;10;9636124624;S
20240219;100028;196.460000000;2000;9636124625;S
20240219;100028;196.460000000;190;9636124626;S
20240219;100028;196.450000000;890;9636124627;S
20240219;100028;196.450000000;10;9636124654;S
20240219;100030;196.450000000;2000;9636124966;S
20240219;100032;196.450000000;250;9636125647;S
20240219;100034;196.600000000;100;9636126174;B
20240219;100034;196.610000000;400;9636126175;B
20240219;100037;196.480000000;30;9636127042;S
20240219;100037;196.450000000;50;9636127043;S
20240219;100037;196.610000000;100;9636127086;B
20240219;100037;196.610000000;20;9636127179;B
20240219;100038;196.460000000;1010;9636127592;S
20240219;100038;196.450000000;510;9636127593;S
20240219;100039;196.600000000;10;9636127810;B
20240219;100040;196.590000000;60;9636128216;B
20240219;100040;196.600000000;90;9636128217;B
20240219;100040;196.600000000;60;9636128218;B
20240219;100040;196.670000000;40;9636128219;B
20240219;100040;196.670000000;450;9636128220;B
20240219;100042;196.590000000;100;9636128916;B
20240219;100042;196.620000000;870;9636128917;B
20240219;100042;196.660000000;30;9636128918;B
20240219;100044;196.500000000;50;9636129349;B
20240219;100045;196.470000000;60;9636129525;S
20240219;100045;196.470000000;10;9636129526;S
20240219;100045;196.450000000;430;9636129527;S
20240219;100046;196.490000000;500;9636129743;B
20240219;100047;196.450000000;1000;9636130126;S
20240219;100049;196.450000000;100;9636130477;S
20240219;100050;196.460000000;10;9636130952;S
20240219;100053;196.460000000;960;9636131901;S
20240219;100053;196.450000000;1540;9636131902;S
20240219;100054;196.490000000;50;9636132032;B
20240219;100055;196.490000000;10;9636132271;B
20240219;100056;196.450000000;40;9636132474;S
20240219;100056;196.450000000;100;9636132538;S
20240219;100059;196.480000000;40;9636133403;B
20240219;100059;196.500000000;2950;9636133404;B
20240219;100059;196.610000000;510;9636133405;B
20240219;100100;196.470000000;10;9636133485;S
20240219;100100;196.640000000;10;9636133587;B
20240219;100100;196.460000000;50;9636133740;S
20240219;100101;196.640000000;50;9636133841;B
20240219;100101;196.640000000;450;9636133842;B
20240219;100101;196.460000000;30;9636133900;S
20240219;100102;196.620000000;20;9636134240;B
20240219;100104;196.620000000;10;9636134605;B
20240219;100104;196.650000000;10;9636134606;B
20240219;100104;196.660000000;180;9636134607;B
20240219;100105;196.470000000;60;9636134830;S
20240219;100113;196.590000000;10;9636136781;B
20240219;100119;196.590000000;20;9636138161;B
20240219;100123;196.500000000;250;9636138961;S
20240219;100126;196.590000000;10;9636139552;B
20240219;100126;196.590000000;10;9636139644;B
20240219;100126;196.590000000;30;9636139699;B
20240219;100129;196.510000000;100;9636140883;S
20240219;100129;196.500000000;400;9636140884;S
20240219;100130;196.500000000;30;9636141347;S
20240219;100131;196.500000000;20;9636141566;S
20240219;100133;196.500000000;1000;9636142172;B
20240219;100135;196.490000000;10;9636142551;B
20240219;100138;196.490000000;100;9636143290;B
20240219;100139;196.490000000;10;9636143538;B
20240219;100140;196.480000000;10;9636143697;S
20240219;100140;196.480000000;10;9636143706;S
20240219;100141;196.480000000;70;9636143896;S
20240219;100143;196.480000000;1030;9636144479;S
20240219;100143;196.470000000;10;9636144480;S
20240219;100143;196.450000000;460;9636144481;S
20240219;100147;196.480000000;10;9636145536;S
20240219;100149;196.480000000;540;9636145828;S
20240219;100151;196.480000000;10;9636146234;S
20240219;100151;196.470000000;50;9636146235;S
20240219;100151;196.480000000;280;9636146318;S
20240219;100151;196.450000000;720;9636146319;S
20240219;100152;196.490000000;10;9636146384;B
20240219;100156;196.490000000;80;9636147261;B
20240219;100156;196.500000000;250;9636147262;B
20240219;100157;196.460000000;10;9636147753;S
20240219;100157;196.490000000;80;9636147771;B
20240219;100200;196.490000000;10;9636148145;B
20240219;100200;196.490000000;20;9636148148;B
20240219;100200;196.470000000;1010;9636148163;S
20240219;100200;196.460000000;130;9636148164;S
20240219;100200;196.450000000;1360;9636148165;S
20240219;100202;196.490000000;10;9636148704;B
20240219;100202;196.500000000;170;9636148705;B
20240219;100202;196.560000000;820;9636148706;B
20240219;100209;196.580000000;20;9636150163;B
20240219;100209;196.590000000;210;9636150164;B
20240219;100209;196.600000000;40;9636150165;B
20240219;100209;196.610000000;40;9636150166;B
20240219;100209;196.620000000;480;9636150167;B
20240219;100210;196.610000000;10;9636150386;B
20240219;100210;196.620000000;40;9636150387;B
20240219;100215;196.630000000;50;9636151269;B
20240219;100216;196.630000000;10;9636151456;B
20240219;100216;196.630000000;250;9636151488;B
20240219;100219;196.630000000;260;9636152022;B
20240219;100219;196.600000000;70;9636152058;S
20240219;100220;196.630000000;300;9636152076;B
20240219;100224;196.600000000;50;9636152859;S
20240219;100226;196.630000000;140;9636153457;B
20240219;100228;196.620000000;10;9636153795;B
20240219;100229;196.600000000;100;9636154002;S
20240219;100230;196.620000000;10;9636154256;B
20240219;100231;196.600000000;490;9636154314;S
20240219;100231;196.600000000;10;9636154349;S
20240219;100232;196.620000000;10;9636154455;B
20240219;100232;196.630000000;10;9636154470;B
20240219;100233;196.630000000;70;9636154647;B
20240219;100233;196.630000000;80;9636154652;B
20240219;100234;196.600000000;330;9636154956;S
20240219;100234;196.600000000;270;9636154971;B
20240219;100234;196.630000000;30;9636154972;B
20240219;100235;196.550000000;20;9636155071;S
20240219;100238;196.630000000;10;9636155564;B
20240219;100252;196.550000000;10;9636158519;S
20240219;100254;196.580000000;10;9636159015;B
20240219;100255;196.580000000;10;9636159126;B
20240219;100257;196.580000000;10;9636159573;B
20240219;100257;196.580000000;10;9636159634;S
20240219;100258;196.600000000;10;9636159828;B
20240219;100258;196.600000000;150;9636159829;B
20240219;100259;196.600000000;500;9636159965;S
20240219;100300;196.620000000;10;9636160129;B
20240219;100301;196.600000000;480;9636160287;S
20240219;100302;196.600000000;20;9636160449;S
20240219;100303;196.600000000;2170;9636160766;S
20240219;100303;196.580000000;90;9636160767;S
20240219;100303;196.530000000;50;9636160768;S
20240219;100303;196.520000000;1630;9636160769;S
20240219;100303;196.510000000;30;9636160770;S
20240219;100306;196.560000000;10;9636161509;B
20240219;100306;196.600000000;3840;9636161510;S
20240219;100307;196.600000000;70;9636161763;S
20240219;100308;196.600000000;50;9636161897;S
20240219;100309;196.610000000;10;9636162235;B
20240219;100311;196.600000000;10;9636162624;S
20240219;100312;196.600000000;30;9636162675;S
20240219;100312;196.600000000;30;9636162794;S
20240219;100313;196.610000000;10;9636162985;B
20240219;100315;196.600000000;20;9636163384;S
20240219;100315;196.610000000;40;9636163407;B
20240219;100315;196.620000000;60;9636163408;B
20240219;100317;196.600000000;250;9636163879;S
20240219;100318;196.600000000;120;9636164156;S
20240219;100319;196.600000000;10;9636164239;S
20240219;100319;196.600000000;1000;9636164384;S
20240219;100320;196.600000000;10;9636164563;S
20240219;100321;196.620000000;30;9636164731;B
20240219;100322;196.600000000;50;9636164947;S
20240219;100322;196.600000000;40;9636164948;S
20240219;100322;196.630000000;20;9636165118;B
20240219;100324;196.630000000;80;9636165342;B
20240219;100324;196.630000000;10;9636165343;B
20240219;100327;196.660000000;110;9636165832;B
20240219;100327;196.670000000;20;9636165833;B
20240219;100328;196.630000000;550;9636166020;B
20240219;100330;196.620000000;50;9636166574;S
20240219;100330;196.610000000;110;9636166575;S
20240219;100330;196.610000000;30;9636166576;S
20240219;100330;196.600000000;10;9636166577;S
20240219;100333;196.660000000;10;9636167249;B
20240219;100336;196.610000000;10;9636167884;S
20240219;100338;196.650000000;20;9636168304;B
20240219;100338;196.660000000;40;9636168305;B
20240219;100338;196.660000000;110;9636168306;B
20240219;100338;196.670000000;840;9636168307;B
20240219;100339;196.670000000;20;9636168362;B
20240219;100339;196.610000000;110;9636168414;S
20240219;100339;196.610000000;10;9636168415;S
20240219;100339;196.600000000;1880;9636168416;S
20240219;100349;196.610000000;10;9636170362;S
20240219;100349;196.610000000;60;9636170363;S
20240219;100350;196.650000000;20;9636170422;B
20240219;100350;196.660000000;10;9636170423;B
20240219;100350;196.660000000;100;9636170424;B
20240219;100350;196.670000000;570;9636170425;B
20240219;100352;196.610000000;140;9636170827;S
20240219;100352;196.610000000;100;9636170828;S
20240219;100352;196.600000000;310;9636170829;S
20240219;100356;196.600000000;10;9636171306;S
20240219;100358;196.650000000;10;9636171761;B
20240219;100358;196.620000000;200;9636171775;B
20240219;100358;196.650000000;10;9636171798;B
20240219;100405;196.610000000;100;9636173245;S
20240219;100408;196.640000000;30;9636173973;B
20240219;100408;196.650000000;10;9636173974;B
20240219;100408;196.620000000;50;9636173996;B
20240219;100418;196.640000000;10;9636175891;B
20240219;100418;196.650000000;20;9636175968;B
20240219;100418;196.660000000;100;9636175969;B
20240219;100418;196.670000000;230;9636175970;B
20240219;100422;196.650000000;10;9636176716;B
20240219;100422;196.660000000;10;9636176717;B
20240219;100422;196.670000000;30;9636176718;B
20240219;100423;196.670000000;10;9636176864;B
20240219;100424;196.610000000;10;9636177067;S
20240219;100426;196.650000000;10;9636177373;B
20240219;100428;196.660000000;10;9636177835;B
20240219;100428;196.670000000;340;9636177836;B
20240219;100430;196.610000000;20;9636178141;S
20240219;100435;196.640000000;10;9636178869;B
20240219;100435;196.650000000;90;9636178870;B
20240219;100436;196.650000000;20;9636179082;B
20240219;100438;196.650000000;50;9636179481;B
20240219;100439;196.650000000;10;9636179560;B
20240219;100441;196.650000000;10;9636179906;B
20240219;100443;196.650000000;10;9636180430;B
20240219;100447;196.610000000;20;9636181026;S
20240219;100447;196.610000000;100;9636181027;S
20240219;100447;196.600000000;980;9636181028;S
20240219;100451;196.610000000;250;9636181795;B
20240219;100451;196.610000000;60;9636181831;B
20240219;100451;196.610000000;10;9636181854;B
20240219;100453;196.600000000;50;9636182124;S
20240219;100453;196.610000000;680;9636182204;B
20240219;100453;196.610000000;110;9636182229;S
20240219;100453;196.600000000;890;9636182230;S
20240219;100457;196.670000000;10;9636182742;B
20240219;100457;196.670000000;100;9636182747;B
20240219;100458;196.670000000;40;9636182966;B
20240219;100459;196.610000000;50;9636182991;S
20240219;100459;196.600000000;500;9636182992;S
20240219;100501;196.670000000;40;9636183380;B
20240219;100508;196.620000000;100;9636184575;S
20240219;100508;196.610000000;100;9636184576;S
20240219;100508;196.600000000;30;9636184607;S
20240219;100509;196.600000000;2540;9636184771;S
20240219;100509;196.650000000;20;9636184777;B
20240219;100510;196.650000000;30;9636184837;B
20240219;100510;196.660000000;50;9636184838;B
20240219;100510;196.660000000;110;9636184839;B
20240219;100510;196.670000000;310;9636184840;B
20240219;100513;196.610000000;100;9636185455;S
20240219;100513;196.600000000;150;9636185456;S
20240219;100517;196.600000000;50;9636186229;S
20240219;100519;196.630000000;20;9636186587;B
20240219;100521;196.600000000;10;9636186997;S
20240219;100522;196.600000000;240;9636187117;S
20240219;100523;196.620000000;10;9636187370;B
20240219;100523;196.620000000;30;9636187371;S
20240219;100524;196.630000000;60;9636187414;B
20240219;100526;196.620000000;260;9636187774;S
20240219;100526;196.610000000;110;9636187775;S
20240219;100526;196.600000000;400;9636187776;S
20240219;100526;196.600000000;210;9636187949;S
20240219;100527;196.640000000;10;9636188054;B
20240219;100528;196.600000000;10;9636188345;S
20240219;100530;196.600000000;80;9636188847;S
20240219;100534;196.600000000;470;9636189678;S
20240219;100537;196.630000000;10;9636190146;B
20240219;100537;196.640000000;30;9636190147;B
20240219;100537;196.600000000;400;9636190170;S
20240219;100537;196.600000000;40;9636190171;S
20240219;100537;196.600000000;30;9636190172;S
20240219;100537;196.600000000;30;9636190173;S
20240219;100537;196.600000000;10;9636190174;S
20240219;100537;196.600000000;10;9636190175;S
20240219;100537;196.600000000;200;9636190176;S
20240219;100537;196.600000000;380;9636190177;S
20240219;100537;196.600000000;750;9636190178;S
20240219;100537;196.600000000;20;9636190179;S
20240219;100537;196.590000000;110;9636190180;S
20240219;100537;196.560000000;1010;9636190181;S
20240219;100537;196.530000000;10;9636190182;S
20240219;100537;196.550000000;60;9636190183;B
20240219;100537;196.610000000;340;9636190185;B
20240219;100537;196.530000000;90;9636190188;S
20240219;100537;196.510000000;410;9636190189;S
20240219;100537;196.510000000;560;9636190193;S
20240219;100537;196.500000000;80;9636190194;S
20240219;100537;196.500000000;50;9636190195;S
20240219;100537;196.500000000;10;9636190196;S
20240219;100537;196.500000000;30;9636190197;S
20240219;100537;196.500000000;20;9636190198;S
20240219;100538;196.600000000;10;9636190335;B
20240219;100538;196.610000000;100;9636190389;B
20240219;100538;196.490000000;100;9636190505;S
20240219;100538;196.480000000;100;9636190506;S
20240219;100540;196.480000000;500;9636190731;S
20240219;100544;196.600000000;10;9636191537;B
20240219;100544;196.480000000;400;9636191566;S
20240219;100544;196.470000000;100;9636191567;S
20240219;100544;196.460000000;210;9636191568;S
20240219;100544;196.460000000;290;9636191569;S
20240219;100544;196.460000000;60;9636191611;S
20240219;100547;196.600000000;10;9636192154;B
20240219;100548;196.600000000;100;9636192251;B
20240219;100548;196.610000000;350;9636192252;B
20240219;100548;196.610000000;50;9636192253;B
20240219;100550;196.600000000;210;9636192824;S
20240219;100553;196.620000000;10;9636193477;B
20240219;100608;196.600000000;10;9636196619;B
20240219;100610;196.500000000;50;9636196982;S
20240219;100611;196.600000000;30;9636197347;B
20240219;100611;196.610000000;50;9636197348;B
20240219;100614;196.500000000;50;9636198032;S
20240219;100614;196.480000000;10;9636198033;S
20240219;100614;196.480000000;20;9636198034;S
20240219;100614;196.470000000;50;9636198035;S
20240219;100614;196.470000000;30;9636198045;S
20240219;100614;196.460000000;50;9636198046;S
20240219;100614;196.450000000;150;9636198047;S
20240219;100614;196.450000000;10;9636198048;S
20240219;100614;196.450000000;260;9636198049;S
20240219;100627;196.460000000;50;9636200598;S
20240219;100627;196.460000000;50;9636200599;S
20240219;100627;196.450000000;2970;9636200600;S
20240219;100632;196.460000000;10;9636201230;S
20240219;100632;196.500000000;90;9636201372;B
20240219;100633;196.500000000;90;9636201411;S
20240219;100633;196.500000000;90;9636201446;S
20240219;100634;196.540000000;10;9636201719;B
20240219;100634;196.550000000;20;9636201720;B
20240219;100638;196.570000000;50;9636202459;S
20240219;100639;196.560000000;50;9636202602;S
20240219;100640;196.560000000;10;9636202874;S
20240219;100640;196.580000000;10;9636202928;B
20240219;100640;196.580000000;80;9636202929;B
20240219;100640;196.580000000;100;9636202930;B
20240219;100640;196.580000000;50;9636202931;B
20240219;100640;196.590000000;90;9636202932;B
20240219;100640;196.590000000;170;9636202933;B
20240219;100642;196.570000000;40;9636203303;S
20240219;100643;196.580000000;30;9636203418;B
20240219;100643;196.590000000;20;9636203465;B
20240219;100646;196.560000000;10;9636203907;S
20240219;100650;196.570000000;10;9636204620;S
20240219;100650;196.560000000;40;9636204621;S
20240219;100652;196.570000000;10;9636205082;B
20240219;100653;196.560000000;20;9636205346;S
20240219;100654;196.570000000;10;9636205499;B
20240219;100654;196.580000000;20;9636205509;B
20240219;100654;196.560000000;90;9636205606;S
20240219;100654;196.560000000;90;9636205686;S
20240219;100654;196.560000000;90;9636205763;S
20240219;100655;196.560000000;90;9636205792;S
20240219;100655;196.560000000;90;9636205856;S
20240219;100655;196.560000000;90;9636205887;S
20240219;100655;196.560000000;90;9636205931;S
20240219;100657;196.580000000;10;9636206135;B
20240219;100657;196.560000000;1980;9636206203;S
20240219;100659;196.560000000;1000;9636206503;S
20240219;100700;196.580000000;10;9636206643;B
20240219;100701;196.560000000;100;9636206899;S
20240219;100701;196.560000000;10;9636207106;S
20240219;100702;196.570000000;610;9636207284;S
20240219;100702;196.570000000;1390;9636207285;S
20240219;100703;196.560000000;500;9636207467;S
20240219;100703;196.560000000;650;9636207468;S
20240219;100706;196.500000000;160;9636207999;S
20240219;100706;196.570000000;10;9636208121;B
20240219;100708;196.500000000;570;9636208614;S
20240219;100708;196.500000000;200;9636208615;S
20240219;100708;196.490000000;100;9636208616;S
20240219;100708;196.450000000;1770;9636208617;S
20240219;100708;196.450000000;50;9636208618;S
20240219;100708;196.450000000;10;9636208619;S
20240219;100708;196.450000000;100;9636208620;S
20240219;100708;196.450000000;10;9636208621;S
20240219;100708;196.450000000;140;9636208622;S
20240219;100708;196.430000000;50;9636208623;S
20240219;100710;196.520000000;30;9636209033;B
20240219;100718;196.490000000;80;9636210605;B
20240219;100718;196.500000000;100;9636210606;B
20240219;100722;196.540000000;10;9636211205;B
20240219;100723;196.510000000;110;9636211469;S
20240219;100723;196.510000000;2000;9636211559;S
20240219;100724;196.540000000;10;9636211631;B
20240219;100724;196.540000000;10;9636211799;B
20240219;100725;196.510000000;200;9636211867;S
20240219;100726;196.510000000;90;9636212205;S
20240219;100726;196.510000000;90;9636212294;S
20240219;100727;196.510000000;90;9636212356;S
20240219;100729;196.510000000;590;9636212919;S
20240219;100730;196.540000000;10;9636213210;B
20240219;100735;196.540000000;90;9636214080;B
20240219;100735;196.540000000;90;9636214111;S
20240219;100735;196.540000000;90;9636214203;S
20240219;100736;196.540000000;30;9636214366;S
20240219;100736;196.520000000;100;9636214367;S
20240219;100738;196.520000000;200;9636214813;B
20240219;100739;196.520000000;10;9636214888;B
20240219;100741;196.520000000;20;9636215278;B
20240219;100744;196.520000000;500;9636215775;B
20240219;100745;196.520000000;10;9636215905;B
20240219;100746;196.510000000;40;9636216020;S
20240219;100750;196.520000000;100;9636216564;S
20240219;100750;196.540000000;100;9636216591;B
20240219;100750;196.560000000;110;9636216592;B
20240219;100750;196.570000000;10;9636216593;B
20240219;100750;196.570000000;1540;9636216594;B
20240219;100750;196.580000000;240;9636216595;B
20240219;100758;196.540000000;10;9636217777;B
20240219;100804;196.520000000;110;9636219168;S
20240219;100807;196.540000000;50;9636219512;B
20240219;100807;196.540000000;70;9636219656;B
20240219;100807;196.570000000;1430;9636219657;B
20240219;100808;196.540000000;100;9636219794;S
20240219;100810;196.540000000;500;9636220158;S
20240219;100813;196.550000000;10;9636220589;B
20240219;100816;196.550000000;40;9636221110;B
20240219;100817;196.540000000;400;9636221269;S
20240219;100817;196.540000000;110;9636221270;S
20240219;100818;196.520000000;40;9636221375;B
20240219;100820;196.520000000;10;9636221650;B
20240219;100820;196.520000000;190;9636221658;B
20240219;100824;196.520000000;30;9636222192;B
20240219;100826;196.510000000;20;9636222492;S
20240219;100828;196.520000000;40;9636222687;B
20240219;100831;196.520000000;10;9636223173;B
20240219;100832;196.510000000;100;9636223362;S
20240219;100832;196.510000000;100;9636223373;S
20240219;100832;196.510000000;100;9636223384;S
20240219;100832;196.510000000;100;9636223394;S
20240219;100832;196.510000000;100;9636223408;S
20240219;100833;196.520000000;10;9636223427;B
20240219;100839;196.510000000;10;9636224274;S
20240219;100842;196.510000000;40;9636224681;S
20240219;100844;196.520000000;10;9636225113;B
20240219;100844;196.510000000;150;9636225150;S
20240219;100846;196.510000000;4560;9636225427;S
20240219;100846;196.510000000;250;9636225428;S
20240219;100846;196.510000000;20;9636225429;S
20240219;100846;196.510000000;30;9636225430;S
20240219;100847;196.500000000;20;9636225552;S
20240219;100849;196.500000000;10;9636225828;S
20240219;100849;196.500000000;30;9636225829;S
20240219;100851;196.500000000;230;9636226028;S
20240219;100851;196.510000000;10;9636226096;B
20240219;100853;196.500000000;2530;9636226285;S
20240219;100854;196.510000000;10;9636226442;B
20240219;100856;196.510000000;10;9636226676;B
20240219;100858;196.500000000;130;9636226983;S
20240219;100858;196.500000000;80;9636227038;S
20240219;100858;196.500000000;300;9636227039;S
20240219;100858;196.500000000;100;9636227040;S
20240219;100858;196.500000000;10;9636227041;S
20240219;100858;196.460000000;20;9636227042;S
20240219;100858;196.450000000;10;9636227043;S
20240219;100858;196.410000000;30;9636227045;S
20240219;100859;196.400000000;20;9636227123;S
20240219;100859;196.400000000;20;9636227124;S
20240219;100859;196.400000000;60;9636227125;S
20240219;100859;196.400000000;100;9636227126;S
20240219;100859;196.400000000;70;9636227127;S
20240219;100859;196.410000000;10;9636227137;B
20240219;100859;196.400000000;550;9636227162;S
20240219;100859;196.400000000;250;9636227173;S
20240219;100859;196.400000000;740;9636227327;S
20240219;100859;196.400000000;400;9636227328;S
20240219;100859;196.400000000;330;9636227329;S
20240219;100859;196.400000000;100;9636227330;S
20240219;100859;196.400000000;10;9636227331;S
20240219;100900;196.320000000;40;9636227395;S
20240219;100900;196.320000000;60;9636227420;S
20240219;100900;196.320000000;40;9636227421;S
20240219;100900;196.330000000;100;9636227514;B
20240219;100901;196.320000000;20;9636227664;S
20240219;100901;196.310000000;30;9636227665;S
20240219;100901;196.310000000;10;9636227666;S
20240219;100901;196.310000000;30;9636227676;S
20240219;100902;196.310000000;100;9636227774;B
20240219;100905;196.300000000;170;9636228542;S
20240219;100905;196.300000000;10;9636228562;S
20240219;100905;196.300000000;30;9636228653;S
20240219;100906;196.300000000;90;9636228892;S
20240219;100906;196.300000000;30;9636228893;S
20240219;100906;196.300000000;40;9636228897;S
20240219;100907;196.300000000;100;9636229090;S
20240219;100909;196.300000000;80;9636229400;S
20240219;100909;196.300000000;20;9636229401;S
20240219;100910;196.300000000;10;9636229537;S
20240219;100910;196.300000000;20;9636229538;S
20240219;100910;196.250000000;410;9636229545;B
20240219;100910;196.250000000;750;9636229570;B
20240219;100917;196.370000000;70;9636230711;B
20240219;100919;196.210000000;40;9636230986;S
20240219;100919;196.200000000;10;9636230987;S
20240219;100919;196.180000000;10;9636230988;S
20240219;100919;196.180000000;20;9636230989;S
20240219;100919;196.180000000;30;9636230990;S
20240219;100919;196.170000000;500;9636230991;S
20240219;100919;196.160000000;300;9636230992;S
20240219;100919;196.140000000;70;9636230993;S
20240219;100928;196.340000000;10;9636232754;B
20240219;100931;196.340000000;10;9636233632;B
20240219;100932;196.340000000;30;9636233797;B
20240219;100935;196.340000000;50;9636234371;B
20240219;100935;196.370000000;90;9636234372;B
20240219;100935;196.400000000;70;9636234373;B
20240219;100935;196.400000000;1840;9636234374;B
20240219;100935;196.410000000;500;9636234375;B
20240219;100935;196.440000000;80;9636234376;B
20240219;100935;196.450000000;90;9636234377;B
20240219;100935;196.460000000;300;9636234378;B
20240219;100935;196.470000000;2600;9636234379;B
20240219;100935;196.480000000;1010;9636234380;B
20240219;100935;196.480000000;500;9636234381;B
20240219;100935;196.500000000;10;9636234382;B
20240219;100935;196.500000000;50;9636234383;B
20240219;100935;196.510000000;540;9636234384;B
20240219;100935;196.520000000;10;9636234385;B
20240219;100935;196.530000000;1470;9636234386;B
20240219;100935;196.540000000;2940;9636234387;B
20240219;100936;196.520000000;70;9636234583;B
20240219;100936;196.530000000;130;9636234584;B
20240219;100936;196.380000000;1840;9636234666;S
20240219;100936;196.380000000;1540;9636234667;S
20240219;100936;196.370000000;730;9636234668;S
20240219;100936;196.350000000;80;9636234669;S
20240219;100936;196.340000000;500;9636234670;S
20240219;100936;196.320000000;300;9636234671;S
20240219;100936;196.280000000;10;9636234672;S
20240219;100938;196.310000000;10;9636235138;S
20240219;100939;196.310000000;50;9636235244;S
20240219;100939;196.310000000;10;9636235473;S
20240219;100945;196.480000000;20;9636237008;B
20240219;100949;196.330000000;50;9636237729;S
20240219;100953;196.420000000;10;9636238374;B
20240219;100953;196.460000000;40;9636238375;B
20240219;101008;196.420000000;100;9636240926;S
20240219;101008;196.410000000;70;9636240927;S
20240219;101008;196.480000000;10;9636240967;B
20240219;101008;196.480000000;10;9636240968;B
20240219;101009;196.520000000;20;9636240999;B
20240219;101016;196.450000000;210;9636242227;S
20240219;101016;196.500000000;10;9636242291;B
20240219;101017;196.500000000;20;9636242319;B
20240219;101017;196.500000000;20;9636242380;B
20240219;101017;196.520000000;10;9636242381;B
20240219;101019;196.470000000;100;9636242640;S
20240219;101030;196.470000000;10;9636244238;S
20240219;101033;196.450000000;110;9636244987;S
20240219;101033;196.460000000;10;9636245069;B
20240219;101034;196.460000000;10;9636245116;B
20240219;101034;196.460000000;50;9636245175;B
20240219;101040;196.460000000;10;9636245945;B
20240219;101040;196.450000000;10;9636246013;S
20240219;101040;196.450000000;10;9636246014;S
20240219;101040;196.430000000;20;9636246015;S
20240219;101104;196.430000000;80;9636249376;S
20240219;101104;196.430000000;30;9636249377;S
20240219;101104;196.420000000;1430;9636249378;S
20240219;101116;196.420000000;10;9636251408;S
20240219;101119;196.420000000;20;9636251908;S
20240219;101123;196.420000000;10;9636252397;S
20240219;101125;196.450000000;10;9636252913;B
20240219;101127;196.420000000;60;9636253158;S
20240219;101132;196.420000000;100;9636253875;S
20240219;101133;196.450000000;10;9636253883;B
20240219;101141;196.450000000;10;9636255125;B
20240219;101142;196.450000000;10;9636255318;B
20240219;101144;196.460000000;120;9636255816;B
20240219;101144;196.460000000;80;9636255817;B
20240219;101146;196.420000000;500;9636256028;S
20240219;101201;196.420000000;250;9636258033;S
20240219;101201;196.460000000;10;9636258078;B
20240219;101218;196.460000000;100;9636261136;B
20240219;101228;196.420000000;800;9636262607;S
20240219;101228;196.420000000;50;9636262776;S
20240219;101230;196.430000000;100;9636263105;B
20240219;101232;196.440000000;10;9636263386;B
20240219;101233;196.420000000;300;9636263598;S
20240219;101234;196.450000000;100;9636263798;B
20240219;101236;196.440000000;10;9636263995;B
20240219;101237;196.440000000;10;9636264236;B
20240219;101237;196.420000000;50;9636264244;S
20240219;101240;196.440000000;20;9636264623;B
20240219;101241;196.440000000;10;9636264686;B
20240219;101246;196.440000000;10;9636265653;B
20240219;101248;196.420000000;70;9636265818;S
20240219;101249;196.430000000;10;9636265930;B
20240219;101255;196.420000000;110;9636266662;S
20240219;101255;196.420000000;1240;9636266676;S
20240219;101255;196.420000000;20;9636266677;S
20240219;101255;196.420000000;100;9636266678;S
20240219;101255;196.420000000;150;9636266679;S
20240219;101255;196.420000000;20;9636266680;S
20240219;101255;196.420000000;30;9636266681;S
20240219;101255;196.420000000;10;9636266682;S
20240219;101255;196.420000000;10;9636266683;S
20240219;101255;196.420000000;50;9636266684;S
20240219;101255;196.400000000;1000;9636266686;S
20240219;101255;196.400000000;100;9636266687;S
20240219;101256;196.410000000;100;9636266706;B
20240219;101256;196.410000000;400;9636266707;B
20240219;101256;196.390000000;40;9636266708;S
20240219;101304;196.340000000;10;9636267773;S
20240219;101308;196.340000000;30;9636268221;S
20240219;101309;196.330000000;20;9636268410;S
20240219;101310;196.330000000;80;9636268528;S
20240219;101310;196.330000000;10;9636268529;S
20240219;101311;196.330000000;50;9636268777;B
20240219;101316;196.320000000;90;9636269526;S
20240219;101316;196.330000000;50;9636269563;B
20240219;101316;196.330000000;200;9636269568;B
20240219;101317;196.320000000;10;9636269697;S
20240219;101321;196.330000000;10;9636270218;B
20240219;101321;196.320000000;10;9636270319;S
20240219;101322;196.330000000;10;9636270484;B
20240219;101325;196.320000000;60;9636270849;S
20240219;101326;196.320000000;20;9636270940;S
20240219;101326;196.310000000;20;9636270953;S
20240219;101329;196.310000000;30;9636271483;B
20240219;101331;196.310000000;50;9636271777;B
20240219;101333;196.310000000;10;9636272089;B
20240219;101334;196.300000000;120;9636272280;S
20240219;101338;196.300000000;310;9636272648;S
20240219;101339;196.300000000;480;9636272714;S
20240219;101340;196.300000000;10;9636272786;S
20240219;101340;196.310000000;10;9636272805;B
20240219;101341;196.300000000;80;9636273007;S
20240219;101341;196.300000000;10;9636273008;S
20240219;101341;196.280000000;10;9636273009;S
20240219;101341;196.280000000;80;9636273010;S
20240219;101341;196.240000000;90;9636273011;S
20240219;101341;196.230000000;300;9636273012;S
20240219;101341;196.220000000;20;9636273013;S
20240219;101341;196.220000000;100;9636273014;S
20240219;101341;196.220000000;1010;9636273015;S
20240219;101341;196.210000000;80;9636273016;S
20240219;101341;196.200000000;2000;9636273017;S
20240219;101341;196.200000000;10;9636273018;S
20240219;101341;196.200000000;50;9636273019;S
20240219;101341;196.170000000;10;9636273020;S
20240219;101341;196.130000000;1150;9636273021;S
20240219;101341;196.150000000;20;9636273043;S
20240219;101341;196.150000000;10;9636273044;S
20240219;101342;196.160000000;180;9636273088;B
20240219;101344;196.290000000;10;9636273298;B
20240219;101344;196.290000000;10;9636273299;B
20240219;101344;196.290000000;90;9636273300;B
20240219;101344;196.300000000;80;9636273301;B
20240219;101350;196.290000000;90;9636274891;B
20240219;101350;196.300000000;160;9636274892;B
20240219;101356;196.290000000;20;9636275926;B
20240219;101358;196.290000000;10;9636276113;B
20240219;101358;196.290000000;20;9636276208;B
20240219;101358;196.290000000;30;9636276209;B
20240219;101400;196.190000000;10;9636276345;S
20240219;101400;196.170000000;20;9636276346;S
20240219;101400;196.320000000;10;9636276357;B
20240219;101400;196.320000000;70;9636276546;B
20240219;101400;196.330000000;20;9636276547;B
20240219;101400;196.330000000;10;9636276548;B
20240219;101402;196.300000000;50;9636276810;S
20240219;101408;196.310000000;100;9636277856;B
20240219;101413;196.280000000;40;9636278636;B
20240219;101415;196.280000000;40;9636278843;B
20240219;101420;196.270000000;290;9636279614;S
20240219;101422;196.220000000;10;9636280075;B
20240219;101422;196.200000000;520;9636280094;S
20240219;101423;196.280000000;40;9636280175;S
20240219;101423;196.210000000;80;9636280176;S
20240219;101423;196.210000000;340;9636280177;B
20240219;101423;196.210000000;20;9636280204;B
20240219;101424;196.200000000;10;9636280453;S
20240219;101424;196.200000000;290;9636280485;S
20240219;101424;196.190000000;80;9636280486;S
20240219;101424;196.170000000;550;9636280487;B
20240219;101424;196.170000000;110;9636280488;B
20240219;101424;196.170000000;1970;9636280489;B
20240219;101425;196.280000000;90;9636280572;B
20240219;101433;196.280000000;2410;9636282045;S
20240219;101434;196.160000000;10;9636282223;S
20240219;101435;196.150000000;20;9636282329;S
20240219;101436;196.130000000;20;9636282801;S
20240219;101436;196.130000000;10;9636282826;S
20240219;101437;196.130000000;120;9636282905;S
20240219;101437;196.120000000;10;9636282906;S
20240219;101437;196.110000000;30;9636282907;S
20240219;101437;196.110000000;80;9636282908;S
20240219;101437;196.100000000;50;9636282909;S
20240219;101437;196.100000000;10;9636282910;S
20240219;101439;196.110000000;40;9636283275;S
20240219;101439;196.120000000;150;9636283417;B
20240219;101443;196.140000000;50;9636283987;B
20240219;101443;196.210000000;50;9636283988;B
20240219;101446;196.150000000;100;9636284748;S
20240219;101448;196.150000000;240;9636285124;S
20240219;101448;196.150000000;870;9636285125;S
20240219;101450;196.160000000;10;9636285383;B
20240219;101450;196.150000000;170;9636285683;B
20240219;101451;196.120000000;200;9636285785;S
20240219;101452;196.100000000;10;9636286352;S
20240219;101452;196.100000000;500;9636286353;S
20240219;101452;196.100000000;20;9636286354;S
20240219;101453;196.090000000;40;9636286475;S
20240219;101453;196.090000000;10;9636286476;S
20240219;101453;196.090000000;10;9636286477;S
20240219;101453;196.090000000;60;9636286478;S
20240219;101453;196.080000000;20;9636286524;S
20240219;101453;196.090000000;30;9636286525;S
20240219;101453;196.090000000;10;9636286596;S
20240219;101453;196.080000000;30;9636286605;S
20240219;101454;196.080000000;50;9636286889;S
20240219;101454;196.080000000;10;9636286890;S
20240219;101455;196.080000000;10;9636286966;S
20240219;101456;196.090000000;50;9636287114;B
20240219;101458;196.080000000;10;9636287447;S
20240219;101458;196.070000000;500;9636287448;S
20240219;101458;196.090000000;50;9636287453;B
20240219;101502;196.080000000;10;9636288351;S
20240219;101506;196.050000000;20;9636289500;S
20240219;101506;196.040000000;60;9636289501;S
20240219;101506;196.050000000;10;9636289515;B
20240219;101507;196.040000000;10;9636289687;S
20240219;101508;196.050000000;10;9636289931;B
20240219;101511;196.050000000;220;9636290748;B
20240219;101511;196.050000000;30;9636290749;B
20240219;101516;196.080000000;90;9636292032;B
20240219;101518;196.110000000;10;9636292595;B
20240219;101524;196.110000000;20;9636294464;B
20240219;101524;196.120000000;70;9636294465;B
20240219;101524;196.130000000;20;9636294466;B
20240219;101524;196.150000000;50;9636294467;B
20240219;101524;196.150000000;20;9636294468;B
20240219;101529;196.170000000;30;9636295753;B
20240219;101538;196.100000000;10;9636297907;S
20240219;101549;196.130000000;80;9636300958;B
20240219;101549;196.140000000;310;9636300959;B
20240219;101549;196.150000000;10;9636300960;B
20240219;101556;196.140000000;20;9636302753;B
20240219;101558;196.140000000;20;9636303149;B
20240219;101558;196.150000000;130;9636303150;B
20240219;101603;196.140000000;10;9636304193;B
20240219;101607;196.150000000;10;9636305234;B
20240219;101609;196.100000000;10;9636306623;S
20240219;101610;196.140000000;10;9636307206;B
20240219;101610;196.140000000;20;9636307207;B
20240219;101611;196.100000000;110;9636307517;S
20240219;101612;196.090000000;30;9636307703;S
20240219;101612;196.080000000;120;9636307704;S
20240219;101613;196.100000000;10;9636307987;B
20240219;101614;196.100000000;10;9636308122;B
20240219;101615;196.100000000;20;9636308601;B
20240219;101616;196.080000000;60;9636308651;S
20240219;101621;196.100000000;60;9636310182;B
20240219;101621;196.100000000;10;9636310287;B
20240219;101630;196.090000000;70;9636312255;B
20240219;101630;196.100000000;30;9636312256;B
20240219;101630;196.050000000;10;9636312257;S
20240219;101630;196.060000000;20;9636312383;B
20240219;101631;196.050000000;240;9636312424;S
20240219;101631;196.050000000;60;9636312425;S
20240219;101631;196.050000000;70;9636312426;S
20240219;101631;196.040000000;500;9636312427;S
20240219;101631;196.020000000;10;9636312428;S
20240219;101631;196.020000000;1540;9636312429;S
20240219;101631;196.010000000;10;9636312430;S
20240219;101631;196.010000000;350;9636312431;S
20240219;101631;196.010000000;5000;9636312432;S
20240219;101631;196.000000000;10;9636312433;S
20240219;101631;196.000000000;10;9636312434;S
20240219;101631;196.000000000;250;9636312435;S
20240219;101631;196.000000000;10;9636312436;S
20240219;101631;196.000000000;100;9636312437;S
20240219;101631;196.000000000;50;9636312438;S
20240219;101631;196.000000000;30;9636312439;S
20240219;101631;196.000000000;500;9636312440;S
20240219;101631;196.000000000;50;9636312441;S
20240219;101631;196.000000000;10;9636312442;S
20240219;101631;196.000000000;20;9636312443;S
20240219;101631;196.000000000;10;9636312444;S
20240219;101631;196.000000000;10;9636312445;S
20240219;101631;196.000000000;50;9636312446;S
20240219;101631;196.000000000;10;9636312447;S
20240219;101631;196.000000000;1000;9636312448;S
20240219;101631;196.000000000;5000;9636312449;S
20240219;101631;196.000000000;10;9636312450;S
20240219;101631;196.000000000;10;9636312451;S
20240219;101631;196.000000000;10;9636312452;S
20240219;101631;196.000000000;220;9636312453;S
20240219;101631;196.000000000;50;9636312454;S
20240219;101631;196.000000000;10;9636312455;S
20240219;101631;196.000000000;10;9636312456;S
20240219;101631;196.000000000;10;9636312457;S
20240219;101631;195.980000000;200;9636312478;S
20240219;101631;195.980000000;20;9636312479;S
20240219;101631;195.980000000;130;9636312491;S
20240219;101631;195.980000000;400;9636312492;S
20240219;101631;195.980000000;740;9636312554;S
20240219;101631;195.980000000;60;9636312557;S
20240219;101631;195.980000000;190;9636312558;S
20240219;101631;195.990000000;10;9636312607;B
20240219;101631;195.980000000;80;9636312608;S
20240219;101631;195.990000000;50;9636312621;B
20240219;101631;195.980000000;500;9636312634;S
20240219;101631;195.980000000;40;9636312635;S
20240219;101632;195.980000000;730;9636312727;S
20240219;101632;195.980000000;50;9636312728;S
20240219;101632;195.950000000;10;9636312729;S
20240219;101632;195.950000000;200;9636312730;S
20240219;101632;195.900000000;200;9636312843;S
20240219;101632;195.900000000;50;9636312844;S
20240219;101632;195.900000000;100;9636312845;S
20240219;101632;195.900000000;50;9636312846;S
20240219;101632;195.890000000;200;9636312847;S
20240219;101632;195.880000000;80;9636312848;S
20240219;101632;195.860000000;20;9636312849;S
20240219;101633;195.860000000;30;9636312931;S
20240219;101633;195.860000000;200;9636312932;S
20240219;101633;195.860000000;40;9636312933;S
20240219;101633;195.850000000;230;9636312934;S
20240219;101633;195.850000000;30;9636312949;S
20240219;101633;195.860000000;30;9636313069;B
20240219;101634;195.850000000;30;9636313393;S
20240219;101635;195.860000000;10;9636313459;B
20240219;101635;195.850000000;9210;9636313604;S
20240219;101635;195.850000000;10;9636313605;S
20240219;101635;195.850000000;80;9636313606;S
20240219;101635;195.830000000;10;9636313607;S
20240219;101635;195.810000000;160;9636313608;S
20240219;101635;195.800000000;5000;9636313609;S
20240219;101635;195.800000000;20;9636313610;S
20240219;101635;195.800000000;10;9636313611;S
20240219;101635;195.770000000;2500;9636313612;S
20240219;101635;195.770000000;10;9636313613;S
20240219;101635;195.740000000;1020;9636313614;S
20240219;101635;195.730000000;1980;9636313615;S
20240219;101635;195.720000000;80;9636313616;B
20240219;101635;195.730000000;320;9636313617;B
20240219;101635;195.700000000;10;9636313618;S
20240219;101635;195.700000000;10;9636313619;S
20240219;101635;195.700000000;50;9636313620;S
20240219;101635;195.700000000;20;9636313621;S
20240219;101635;195.700000000;20;9636313622;S
20240219;101635;195.710000000;720;9636313627;B
20240219;101635;195.700000000;10;9636313640;S
20240219;101635;195.690000000;140;9636313673;S
20240219;101636;195.680000000;220;9636313674;B
20240219;101636;195.680000000;10;9636313698;S
20240219;101636;195.680000000;40;9636313701;S
20240219;101643;195.700000000;80;9636316122;B
20240219;101643;195.710000000;140;9636316123;B
20240219;101643;195.710000000;500;9636316124;B
20240219;101643;195.730000000;30;9636316125;B
20240219;101647;195.670000000;50;9636316851;S
20240219;101647;195.670000000;570;9636316852;S
20240219;101647;195.670000000;970;9636316964;S
20240219;101647;195.660000000;2180;9636316965;S
20240219;101648;195.680000000;10;9636317251;B
20240219;101649;195.680000000;20;9636317482;B
20240219;101651;195.660000000;820;9636318078;S
20240219;101652;195.650000000;70;9636318596;S
20240219;101652;195.640000000;10;9636318602;S
20240219;101654;195.620000000;20;9636319029;S
20240219;101654;195.620000000;10;9636319064;S
20240219;101654;195.620000000;190;9636319065;S
20240219;101654;195.620000000;80;9636319066;S
20240219;101654;195.620000000;10;9636319067;S
20240219;101654;195.620000000;10;9636319068;S
20240219;101655;195.600000000;10;9636319297;S
20240219;101655;195.600000000;80;9636319357;S
20240219;101655;195.600000000;500;9636319358;S
20240219;101655;195.600000000;20;9636319359;S
20240219;101655;195.600000000;10;9636319360;S
20240219;101655;195.600000000;640;9636319361;S
20240219;101655;195.600000000;10;9636319362;S
20240219;101655;195.600000000;140;9636319363;S
20240219;101656;195.610000000;30;9636319482;B
20240219;101656;195.640000000;20;9636319483;B
20240219;101657;195.660000000;10;9636319582;B
20240219;101657;195.660000000;500;9636319583;B
20240219;101657;195.670000000;10;9636319584;S
20240219;101658;195.690000000;90;9636319806;B
20240219;101658;195.700000000;20;9636319838;B
20240219;101658;195.690000000;10;9636320018;B
20240219;101658;195.670000000;100;9636320051;S
20240219;101658;195.700000000;30;9636320070;B
20240219;101658;195.720000000;70;9636320071;B
20240219;101659;195.690000000;40;9636320321;B
20240219;101700;195.670000000;10;9636320546;S
20240219;101700;195.670000000;200;9636320647;S
20240219;101700;195.670000000;90;9636320785;S
20240219;101700;195.670000000;90;9636320919;S
20240219;101700;195.670000000;90;9636321065;S
20240219;101701;195.670000000;90;9636321182;S
20240219;101701;195.670000000;200;9636321207;S
20240219;101701;195.670000000;90;9636321424;S
20240219;101701;195.670000000;70;9636321425;S
20240219;101701;195.670000000;310;9636321527;S
20240219;101701;195.670000000;90;9636321578;S
20240219;101701;195.670000000;30;9636321631;S
20240219;101701;195.670000000;30;9636321691;S
20240219;101701;195.670000000;2130;9636321692;S
20240219;101701;195.600000000;90;9636321724;S
20240219;101702;195.610000000;30;9636321881;S
20240219;101702;195.600000000;60;9636321882;S
20240219;101702;195.610000000;20;9636321999;S
20240219;101702;195.600000000;60;9636322000;S
20240219;101702;195.600000000;10;9636322001;S
20240219;101702;195.600000000;30;9636322112;S
20240219;101702;195.600000000;10;9636322113;S
20240219;101702;195.600000000;50;9636322114;S
20240219;101704;195.600000000;10;9636322930;S
20240219;101704;195.600000000;10;9636323110;S
20240219;101705;195.600000000;10;9636323565;S
20240219;101706;195.600000000;10;9636323600;S
20240219;101706;195.600000000;150;9636323657;S
20240219;101706;195.600000000;1250;9636323659;S
20240219;101706;195.600000000;90;9636323802;S
20240219;101706;195.600000000;10;9636323810;S
20240219;101706;195.600000000;20;9636323829;S
20240219;101706;195.600000000;10;9636323836;S
20240219;101707;195.600000000;10;9636323953;S
20240219;101707;195.600000000;10;9636323954;S
20240219;101707;195.600000000;20;9636323955;S
20240219;101707;195.600000000;10;9636324094;S
20240219;101708;195.600000000;10;9636324381;S
20240219;101708;195.610000000;50;9636324404;B
20240219;101708;195.600000000;10;9636324447;S
20240219;101708;195.600000000;270;9636324567;S
20240219;101708;195.600000000;40;9636324665;S
20240219;101708;195.600000000;10;9636324666;S
20240219;101708;195.600000000;10;9636324667;S
20240219;101708;195.600000000;20;9636324668;S
20240219;101708;195.600000000;20;9636324669;S
20240219;101709;195.600000000;250;9636324781;S
20240219;101709;195.600000000;10;9636324815;S
20240219;101710;195.600000000;10;9636324986;S
20240219;101710;195.600000000;30;9636325024;S
20240219;101710;195.600000000;40;9636325025;S
20240219;101711;195.610000000;150;9636325381;B
20240219;101711;195.610000000;50;9636325382;B
20240219;101711;195.600000000;10;9636325383;S
20240219;101712;195.600000000;30;9636325650;S
20240219;101712;195.600000000;10;9636325661;S
20240219;101712;195.600000000;10;9636325705;S
20240219;101713;195.600000000;10;9636326184;S
20240219;101713;195.600000000;480;9636326422;S
20240219;101714;195.600000000;590;9636326711;S
20240219;101714;195.600000000;100;9636326712;S
20240219;101714;195.580000000;10;9636326752;S
20240219;101714;195.580000000;10;9636326753;S
20240219;101714;195.580000000;10;9636326764;S
20240219;101714;195.570000000;20;9636326765;S
20240219;101714;195.570000000;10;9636326846;S
20240219;101714;195.570000000;50;9636326874;S
20240219;101714;195.570000000;10;9636326935;S
20240219;101715;195.570000000;10;9636327086;S
20240219;101715;195.570000000;20;9636327241;S
20240219;101716;195.570000000;60;9636327613;S
20240219;101716;195.570000000;10;9636327614;S
20240219;101716;195.570000000;500;9636327615;S
20240219;101716;195.560000000;10;9636327616;S
20240219;101716;195.550000000;10;9636327617;S
20240219;101716;195.550000000;150;9636327618;S
20240219;101716;195.550000000;10;9636327619;S
20240219;101716;195.550000000;90;9636327620;S
20240219;101716;195.530000000;500;9636327621;S
20240219;101716;195.520000000;10;9636327622;S
20240219;101716;195.520000000;110;9636327623;S
20240219;101716;195.520000000;10;9636327624;S
20240219;101716;195.520000000;10;9636327625;S
20240219;101716;195.510000000;300;9636327626;S
20240219;101716;195.510000000;10;9636327627;S
20240219;101716;195.510000000;10;9636327628;S
20240219;101716;195.510000000;10;9636327629;S
20240219;101716;195.510000000;1540;9636327630;S
20240219;101716;195.500000000;10;9636327631;S
20240219;101716;195.500000000;10000;9636327632;S
20240219;101716;195.500000000;800;9636327633;S
20240219;101716;195.500000000;20;9636327634;S
20240219;101716;195.500000000;100;9636327635;S
20240219;101716;195.500000000;250;9636327636;S
20240219;101716;195.500000000;10;9636327637;S
20240219;101716;195.500000000;50;9636327638;S
20240219;101716;195.500000000;10;9636327639;S
20240219;101716;195.500000000;170;9636327640;S
20240219;101716;195.500000000;180;9636327649;S
20240219;101716;195.500000000;150;9636327654;S
20240219;101716;195.500000000;10;9636327655;S
20240219;101716;195.500000000;10;9636327656;S
20240219;101716;195.500000000;40;9636327657;S
20240219;101716;195.500000000;10;9636327673;S
20240219;101716;195.500000000;10;9636327707;S
20240219;101716;195.500000000;10;9636327708;S
20240219;101716;195.490000000;10;9636327709;S
20240219;101716;195.480000000;20;9636327745;S
20240219;101716;195.480000000;10;9636327814;S
20240219;101717;195.490000000;30;9636327933;B
20240219;101717;195.480000000;110;9636327934;S
20240219;101717;195.480000000;20;9636327935;S
20240219;101717;195.450000000;50;9636327937;S
20240219;101717;195.450000000;10;9636327950;S
20240219;101717;195.450000000;40;9636327972;S
20240219;101717;195.420000000;20;9636327973;S
20240219;101717;195.410000000;190;9636327974;S
20240219;101717;195.410000000;10;9636328024;S
20240219;101717;195.420000000;200;9636328025;B
20240219;101717;195.420000000;150;9636328026;B
20240219;101717;195.440000000;100;9636328027;B
20240219;101717;195.440000000;20;9636328042;B
20240219;101717;195.440000000;10;9636328098;B
20240219;101718;195.400000000;10;9636328226;S
20240219;101718;195.400000000;30;9636328289;S
20240219;101718;195.400000000;20;9636328317;S
20240219;101719;195.400000000;10;9636328390;S
20240219;101719;195.400000000;50;9636328391;S
20240219;101719;195.410000000;100;9636328410;B
20240219;101719;195.400000000;10;9636328411;S
20240219;101719;195.400000000;10;9636328469;S
20240219;101719;195.390000000;30;9636328470;S
20240219;101719;195.390000000;20;9636328471;S
20240219;101720;195.390000000;100;9636328769;B
20240219;101721;195.380000000;10;9636328980;B
20240219;101722;195.370000000;100;9636329074;S
20240219;101722;195.370000000;50;9636329075;S
20240219;101722;195.370000000;470;9636329122;S
20240219;101722;195.380000000;10;9636329200;B
20240219;101722;195.390000000;40;9636329216;B
20240219;101723;195.390000000;10;9636329408;B
20240219;101723;195.390000000;10;9636329454;B
20240219;101723;195.390000000;480;9636329463;B
20240219;101723;195.390000000;500;9636329464;B
20240219;101723;195.400000000;70;9636329465;B
20240219;101723;195.420000000;10;9636329466;B
20240219;101723;195.430000000;10;9636329467;B
20240219;101723;195.430000000;90;9636329468;B
20240219;101723;195.450000000;10;9636329469;B
20240219;101723;195.460000000;10;9636329470;B
20240219;101723;195.470000000;10;9636329471;B
20240219;101723;195.470000000;10;9636329472;B
20240219;101723;195.480000000;10;9636329473;B
20240219;101723;195.530000000;30;9636329474;S
20240219;101723;195.530000000;160;9636329475;S
20240219;101723;195.530000000;10;9636329510;S
20240219;101723;195.530000000;40;9636329549;S
20240219;101723;195.530000000;30;9636329565;S
20240219;101723;195.530000000;10;9636329578;S
20240219;101723;195.530000000;40;9636329648;S
20240219;101724;195.530000000;580;9636329763;S
20240219;101724;195.530000000;70;9636329770;S
20240219;101724;195.530000000;10;9636329802;S
20240219;101724;195.530000000;170;9636329805;S
20240219;101724;195.530000000;2000;9636329818;S
20240219;101724;195.530000000;120;9636329857;S
20240219;101724;195.530000000;10;9636329862;S
20240219;101724;195.530000000;10;9636329907;S
20240219;101724;195.540000000;10;9636329913;B
20240219;101724;195.530000000;10;9636329932;S
20240219;101725;195.530000000;10;9636329976;S
20240219;101725;195.530000000;180;9636329981;S
20240219;101725;195.530000000;10;9636329999;S
20240219;101725;195.530000000;290;9636330005;S
20240219;101725;195.490000000;90;9636330006;S
20240219;101725;195.390000000;10;9636330007;S
20240219;101725;195.380000000;40;9636330008;S
20240219;101726;195.370000000;20;9636330339;S
20240219;101726;195.360000000;40;9636330342;S
20240219;101726;195.360000000;40;9636330343;S
20240219;101726;195.360000000;40;9636330344;S
20240219;101726;195.360000000;680;9636330345;S
20240219;101726;195.350000000;20;9636330454;S
20240219;101726;195.350000000;80;9636330521;S
20240219;101729;195.360000000;10;9636331330;B
20240219;101731;195.350000000;100;9636332508;B
20240219;101735;195.360000000;10;9636333556;B
20240219;101736;195.340000000;300;9636333712;S
20240219;101739;195.360000000;30;9636334619;B
20240219;101739;195.380000000;10;9636334760;B
20240219;101739;195.380000000;10;9636334761;B
20240219;101739;195.390000000;10;9636334762;B
20240219;101740;195.360000000;10;9636334986;S
20240219;101744;195.370000000;50;9636335765;S
20240219;101744;195.360000000;60;9636335766;S
20240219;101744;195.360000000;400;9636335767;S
20240219;101744;195.360000000;80;9636335768;S
20240219;101744;195.340000000;690;9636335769;S
20240219;101744;195.340000000;10;9636335770;S
20240219;101744;195.350000000;1000;9636335781;B
20240219;101744;195.350000000;1210;9636335791;B
20240219;101746;195.350000000;300;9636336404;B
20240219;101747;195.350000000;30;9636336516;B
20240219;101748;195.350000000;500;9636336612;B
20240219;101749;195.350000000;500;9636336843;B
20240219;101750;195.350000000;500;9636337037;B
20240219;101750;195.350000000;370;9636337351;B
20240219;101750;195.350000000;2210;9636337352;B
20240219;101751;195.410000000;10;9636337571;B
20240219;101751;195.420000000;20;9636337572;B
20240219;101752;195.340000000;20;9636337781;S
20240219;101754;195.400000000;10;9636338122;S
20240219;101754;195.370000000;80;9636338123;S
20240219;101754;195.360000000;1540;9636338124;S
20240219;101754;195.350000000;70;9636338125;S
20240219;101755;195.360000000;1040;9636338231;S
20240219;101755;195.420000000;90;9636338328;B
20240219;101755;195.430000000;10;9636338329;B
20240219;101755;195.460000000;10;9636338330;B
20240219;101755;195.460000000;10;9636338331;B
20240219;101755;195.480000000;80;9636338332;B
20240219;101757;195.370000000;30;9636338781;S
20240219;101758;195.460000000;10;9636339087;B
20240219;101758;195.460000000;10;9636339088;B
20240219;101758;195.470000000;10;9636339089;B
20240219;101801;195.370000000;20;9636340520;S
20240219;101801;195.360000000;30;9636340521;S
20240219;101802;195.420000000;140;9636340893;S
20240219;101807;195.460000000;10;9636342262;B
20240219;101807;195.460000000;10;9636342263;B
20240219;101807;195.460000000;10;9636342264;B
20240219;101807;195.470000000;10;9636342265;B
20240219;101807;195.470000000;10;9636342266;B
20240219;101807;195.480000000;10;9636342267;B
20240219;101807;195.490000000;10;9636342268;B
20240219;101807;195.490000000;10;9636342269;B
20240219;101807;195.490000000;80;9636342270;B
20240219;101810;195.490000000;100;9636342909;B
20240219;101810;195.500000000;80;9636342910;B
20240219;101810;195.510000000;20;9636342911;B
20240219;101811;195.510000000;80;9636343117;B
20240219;101811;195.530000000;420;9636343118;B
20240219;101813;195.510000000;10;9636343560;B
20240219;101815;195.510000000;600;9636344017;B
20240219;101815;195.530000000;560;9636344026;B
20240219;101816;195.530000000;80;9636344313;S
20240219;101816;195.530000000;500;9636344314;S
20240219;101816;195.480000000;10;9636344315;S
20240219;101816;195.480000000;500;9636344316;S
20240219;101816;195.420000000;360;9636344317;S
20240219;101816;195.400000000;30;9636344318;S
20240219;101816;195.390000000;20;9636344319;S
20240219;101818;195.600000000;50;9636344713;B
20240219;101818;195.610000000;90;9636344714;B
20240219;101818;195.630000000;80;9636344715;B
20240219;101818;195.640000000;60;9636344716;B
20240219;101818;195.660000000;50;9636344717;B
20240219;101818;195.690000000;300;9636344718;B
20240219;101818;195.690000000;40;9636344719;B
20240219;101818;195.700000000;1840;9636344720;B
20240219;101818;195.710000000;1020;9636344721;B
20240219;101818;195.750000000;470;9636344722;B
20240219;101818;195.740000000;50;9636344774;B
20240219;101818;195.740000000;250;9636344820;B
20240219;101818;195.770000000;220;9636344856;B
20240219;101818;195.780000000;90;9636344857;B
20240219;101818;195.780000000;80;9636344858;B
20240219;101818;195.800000000;50;9636344859;B
20240219;101818;195.800000000;110;9636344860;B
20240219;101822;195.790000000;160;9636345996;B
20240219;101822;195.790000000;80;9636345997;B
20240219;101822;195.800000000;90;9636345998;B
20240219;101822;195.810000000;670;9636345999;B
20240219;101825;195.850000000;200;9636346703;B
20240219;101826;195.700000000;90;9636346892;S
20240219;101827;195.850000000;30;9636347035;B
20240219;101828;195.850000000;10;9636347298;B
20240219;101834;195.720000000;80;9636348770;S
20240219;101834;195.720000000;190;9636348771;S
20240219;101836;195.780000000;20;9636349072;B
20240219;101836;195.790000000;20;9636349073;B
20240219;101836;195.680000000;10;9636349075;S
20240219;101836;195.790000000;10;9636349166;B
20240219;101836;195.680000000;30;9636349268;S
20240219;101838;195.740000000;10;9636349539;S
20240219;101840;195.720000000;50;9636349831;S
20240219;101841;195.790000000;20;9636350138;B
20240219;101841;195.790000000;50;9636350139;B
20240219;101841;195.800000000;90;9636350140;B
20240219;101845;195.800000000;10;9636351801;B
20240219;101846;195.790000000;20;9636352208;B
20240219;101847;195.740000000;10;9636352871;B
20240219;101848;195.740000000;190;9636353159;B
20240219;101848;195.750000000;80;9636353160;B
20240219;101848;195.790000000;1020;9636353161;B
20240219;101848;195.800000000;2820;9636353162;B
20240219;101848;195.790000000;80;9636353248;B
20240219;101850;195.740000000;50;9636353858;S
20240219;101850;195.700000000;20;9636353859;S
20240219;101850;195.690000000;80;9636353860;S
20240219;101850;195.690000000;100;9636353861;S
20240219;101855;195.700000000;10;9636355010;B
20240219;101855;195.780000000;70;9636355011;B
20240219;101855;195.790000000;10;9636355110;S
20240219;101856;195.790000000;10;9636355458;S
20240219;101857;195.790000000;100;9636355546;S
20240219;101857;195.680000000;10;9636355676;S
20240219;101900;195.710000000;10;9636356236;B
20240219;101900;195.720000000;10;9636356237;B
20240219;101900;195.730000000;10;9636356238;B
20240219;101900;195.740000000;10;9636356239;B
20240219;101900;195.760000000;10;9636356240;B
20240219;101900;195.770000000;10;9636356241;B
20240219;101900;195.790000000;10;9636356242;B
20240219;101900;195.790000000;10;9636356243;B
20240219;101900;195.790000000;70;9636356244;B
20240219;101900;195.800000000;350;9636356245;B
20240219;101901;195.800000000;500;9636356486;B
20240219;101903;195.770000000;10;9636357131;B
20240219;101903;195.780000000;10;9636357132;B
20240219;101903;195.790000000;10;9636357133;B
20240219;101903;195.790000000;80;9636357134;B
20240219;101903;195.800000000;430;9636357135;B
20240219;101903;195.800000000;20;9636357136;B
20240219;101903;195.800000000;340;9636357137;B
20240219;101905;195.720000000;10;9636357671;S
20240219;101910;195.800000000;10;9636359356;B
20240219;101912;195.800000000;30;9636359993;B
20240219;101915;195.800000000;500;9636360593;B
20240219;101917;195.780000000;10;9636360948;B
20240219;101921;195.780000000;10;9636361937;B
20240219;101921;195.800000000;10;9636361938;B
20240219;101921;195.800000000;180;9636361939;B
20240219;101924;195.730000000;10;9636362638;S
20240219;101924;195.800000000;40;9636362652;B
20240219;101926;195.800000000;30;9636363325;B
20240219;101936;195.800000000;90;9636365637;B
20240219;101937;195.800000000;10;9636366030;B
20240219;101938;195.800000000;100;9636366316;B
20240219;101942;195.800000000;840;9636367167;B
20240219;101942;195.800000000;4460;9636367168;B
20240219;101942;195.800000000;250;9636367170;B
20240219;101942;195.880000000;400;9636367174;B
20240219;101942;195.900000000;50;9636367186;B
20240219;101942;195.940000000;450;9636367187;B
20240219;101945;195.960000000;50;9636367908;B
20240219;101945;195.960000000;190;9636367909;B
20240219;101945;195.970000000;160;9636367910;B
20240219;101945;195.960000000;80;9636368020;B
20240219;101945;195.970000000;220;9636368021;B
20240219;101946;195.990000000;40;9636368144;B
20240219;101946;195.980000000;200;9636368181;B
20240219;101946;195.990000000;230;9636368182;B
20240219;101946;196.000000000;50;9636368183;B
20240219;101946;196.000000000;220;9636368184;B
20240219;101946;196.000000000;30;9636368274;B
20240219;101953;195.990000000;90;9636370083;B
20240219;101955;195.990000000;110;9636370622;B
20240219;101959;195.990000000;30;9636371393;B
20240219;101959;195.990000000;250;9636371413;B
20240219;102004;195.850000000;10;9636372523;S
20240219;102004;195.810000000;20;9636372524;S
20240219;102010;195.820000000;1300;9636373658;S
20240219;102014;195.970000000;40;9636375972;B
20240219;102017;195.980000000;30;9636377140;B
20240219;102017;195.990000000;1020;9636377141;B
20240219;102017;196.000000000;250;9636377142;B
20240219;102017;196.000000000;180;9636377143;B
20240219;102017;196.000000000;500;9636377144;B
20240219;102017;196.030000000;90;9636377145;B
20240219;102017;196.070000000;500;9636377146;B
20240219;102017;196.100000000;580;9636377147;B
20240219;102017;196.100000000;50;9636377148;B
20240219;102017;196.100000000;60;9636377149;B
20240219;102017;196.200000000;50;9636377150;B
20240219;102017;196.210000000;20;9636377151;B
20240219;102017;196.210000000;30;9636377152;B
20240219;102017;196.210000000;1540;9636377153;B
20240219;102017;196.220000000;1400;9636377154;B
20240219;102017;196.250000000;1200;9636377155;B
20240219;102017;196.270000000;10;9636377156;B
20240219;102017;196.300000000;50;9636377157;B
20240219;102017;196.300000000;50;9636377158;B
20240219;102017;196.300000000;1470;9636377159;B
20240219;102017;196.310000000;2500;9636377160;B
20240219;102017;196.320000000;3000;9636377161;B
20240219;102017;196.320000000;2360;9636377162;B
20240219;102017;196.330000000;3420;9636377163;B
20240219;102017;196.020000000;380;9636377198;B
20240219;102017;196.120000000;1020;9636377199;B
20240219;102017;196.310000000;1540;9636377200;B
20240219;102017;196.320000000;1470;9636377201;B
20240219;102017;196.340000000;110;9636377202;B
20240219;102017;196.340000000;500;9636377203;B
20240219;102017;196.380000000;30;9636377204;B
20240219;102017;196.400000000;370;9636377205;B
20240219;102017;196.400000000;50;9636377206;B
20240219;102017;196.410000000;5000;9636377207;B
20240219;102017;196.420000000;5000;9636377208;B
20240219;102017;196.430000000;10;9636377209;B
20240219;102017;196.430000000;5000;9636377210;B
20240219;102017;196.440000000;290;9636377211;B
20240219;102017;196.460000000;500;9636377212;B
20240219;102017;196.460000000;90;9636377213;B
20240219;102017;196.460000000;10;9636377214;B
20240219;102017;196.460000000;260;9636377215;B
20240219;102017;196.460000000;800;9636377216;B
20240219;102017;196.480000000;100;9636377217;B
20240219;102017;196.480000000;50;9636377218;B
20240219;102017;196.490000000;10;9636377219;B
20240219;102017;196.500000000;10;9636377220;B
20240219;102017;196.500000000;300;9636377221;B
20240219;102017;196.500000000;50;9636377222;B
20240219;102017;196.500000000;500;9636377223;B
20240219;102017;196.510000000;5000;9636377224;B
20240219;102017;196.520000000;1200;9636377225;B
20240219;102017;196.520000000;40;9636377226;B
20240219;102017;196.520000000;30;9636377227;B
20240219;102017;196.530000000;5000;9636377228;B
20240219;102017;196.540000000;80;9636377229;B
20240219;102017;196.550000000;1570;9636377230;B
20240219;102017;196.570000000;20;9636377231;B
20240219;102017;196.570000000;20;9636377232;B
20240219;102017;196.580000000;30;9636377233;B
20240219;102017;196.590000000;10;9636377234;B
20240219;102017;196.590000000;10;9636377235;B
20240219;102017;196.600000000;50;9636377236;B
20240219;102017;196.600000000;120;9636377237;B
20240219;102017;196.600000000;2500;9636377238;B
20240219;102017;196.620000000;10;9636377239;B
20240219;102017;196.630000000;5000;9636377240;B
20240219;102017;196.680000000;50;9636377241;B
20240219;102017;196.680000000;500;9636377242;B
20240219;102017;196.680000000;20;9636377243;B
20240219;102017;196.680000000;5290;9636377244;B
20240219;102017;196.370000000;500;9636377268;S
20240219;102017;196.330000000;500;9636377269;S
20240219;102017;196.280000000;750;9636377270;S
20240219;102018;196.360000000;40;9636377373;B
20240219;102018;196.330000000;50;9636377419;B
20240219;102018;196.220000000;300;9636377482;S
20240219;102018;196.330000000;500;9636377503;B
20240219;102018;196.250000000;80;9636377504;S
20240219;102018;196.330000000;90;9636377511;B
20240219;102018;196.340000000;1010;9636377512;B
20240219;102018;196.560000000;10;9636377513;B
20240219;102018;196.570000000;300;9636377514;B
20240219;102018;196.580000000;400;9636377515;B
20240219;102018;196.590000000;690;9636377516;B
20240219;102018;196.280000000;80;9636377559;S
20240219;102018;196.280000000;300;9636377560;S
20240219;102018;196.270000000;40;9636377561;S
20240219;102019;196.270000000;780;9636377571;S
20240219;102019;196.390000000;300;9636377625;B
20240219;102019;196.400000000;1010;9636377626;B
20240219;102019;196.620000000;220;9636377627;B
20240219;102021;196.420000000;10;9636377899;B
20240219;102022;196.360000000;10;9636377972;S
20240219;102024;196.430000000;30;9636378314;B
20240219;102025;196.410000000;50;9636379286;S
20240219;102025;196.410000000;1000;9636380220;S
20240219;102025;196.400000000;10;9636380221;S
20240219;102025;196.380000000;10;9636380222;S
20240219;102025;196.320000000;980;9636380223;S
20240219;102028;196.410000000;40;9636381568;B
20240219;102028;196.410000000;1010;9636381569;B
20240219;102028;196.450000000;10;9636381570;B
20240219;102028;196.580000000;40;9636381571;B
20240219;102029;196.340000000;650;9636381658;S
20240219;102030;196.310000000;10;9636382047;S
20240219;102031;196.450000000;10;9636382330;B
20240219;102034;196.340000000;50;9636384654;S
20240219;102037;196.300000000;10;9636385819;S
20240219;102038;196.290000000;60;9636386074;S
20240219;102039;196.340000000;500;9636387474;B
20240219;102041;196.290000000;10;9636388724;S
20240219;102043;196.350000000;200;9636390013;S
20240219;102043;196.350000000;250;9636390064;S
20240219;102046;196.360000000;30;9636391704;B
20240219;102048;196.350000000;10;9636392311;S
20240219;102049;196.350000000;540;9636392711;S
20240219;102049;196.350000000;4990;9636392712;S
20240219;102049;196.340000000;1960;9636392713;S
20240219;102050;196.360000000;60;9636393021;B
20240219;102050;196.360000000;80;9636393022;B
20240219;102050;196.360000000;110;9636393023;B
20240219;102050;196.350000000;1000;9636393254;S
20240219;102050;196.340000000;3040;9636393255;S
20240219;102050;196.340000000;80;9636393256;S
20240219;102050;196.300000000;2000;9636393257;S
20240219;102050;196.260000000;10;9636393258;S
20240219;102050;196.250000000;500;9636393259;S
20240219;102050;196.220000000;500;9636393260;S
20240219;102050;196.190000000;10;9636393261;S
20240219;102050;196.130000000;10;9636393262;S
20240219;102050;196.100000000;1240;9636393263;S
20240219;102050;196.080000000;10;9636393264;S
20240219;102050;196.070000000;830;9636393265;S
20240219;102050;196.060000000;1470;9636393266;S
20240219;102050;196.050000000;5200;9636393267;S
20240219;102050;196.040000000;10;9636393268;S
20240219;102050;196.030000000;1010;9636393269;S
20240219;102050;196.010000000;5000;9636393270;S
20240219;102050;196.000000000;10;9636393271;S
20240219;102050;196.000000000;100;9636393272;S
20240219;102050;195.990000000;30;9636393273;S
20240219;102050;195.980000000;50;9636393274;S
20240219;102050;195.950000000;160;9636393275;S
20240219;102050;195.940000000;5000;9636393276;S
20240219;102050;195.940000000;5000;9636393277;S
20240219;102050;195.940000000;5000;9636393278;S
20240219;102050;195.900000000;50;9636393279;S
20240219;102050;195.880000000;5000;9636393280;S
20240219;102050;195.860000000;5000;9636393281;S
20240219;102050;195.850000000;260;9636393282;S
20240219;102050;195.830000000;210;9636393283;S
20240219;102050;195.820000000;10;9636393284;S
20240219;102050;195.810000000;90;9636393285;S
20240219;102050;195.800000000;100;9636393286;S
20240219;102050;195.740000000;500;9636393287;S
20240219;102050;195.700000000;20;9636393288;S
20240219;102050;195.670000000;10;9636393289;S
20240219;102050;195.670000000;1480;9636393290;S
20240219;102050;196.120000000;400;9636393293;S
20240219;102051;195.720000000;100;9636393327;S
20240219;102051;195.740000000;40;9636393379;S
20240219;102051;195.730000000;20;9636393380;S
20240219;102052;195.800000000;10;9636393626;S
20240219;102052;195.800000000;30;9636393627;S
20240219;102053;195.800000000;260;9636393759;S
20240219;102053;195.790000000;1000;9636393766;B
20240219;102053;195.800000000;140;9636393767;B
20240219;102053;195.810000000;110;9636393768;B
20240219;102053;195.810000000;90;9636393819;B
20240219;102053;195.950000000;110;9636393820;B
20240219;102053;195.930000000;500;9636393956;B
20240219;102055;195.900000000;10;9636396050;B
20240219;102058;195.880000000;50;9636397286;B
20240219;102107;195.800000000;90;9636401168;B
20240219;102108;195.800000000;500;9636401351;B
20240219;102108;195.790000000;10;9636401352;S
20240219;102108;195.800000000;410;9636401445;B
20240219;102108;195.810000000;10;9636401446;B
20240219;102108;195.830000000;10;9636401447;B
20240219;102108;195.850000000;10;9636401448;B
20240219;102109;195.870000000;10;9636401542;B
20240219;102109;195.880000000;10;9636401543;B
20240219;102110;195.870000000;10;9636401770;B
20240219;102111;195.870000000;50;9636402056;B
20240219;102111;195.860000000;50;9636402118;S
20240219;102111;195.860000000;110;9636402119;S
20240219;102111;195.860000000;40;9636402120;S
20240219;102114;195.870000000;130;9636402915;B
20240219;102114;195.870000000;10;9636402978;B
20240219;102114;195.870000000;560;9636402984;B
20240219;102114;195.870000000;250;9636403008;B
20240219;102114;195.870000000;80;9636403009;B
20240219;102114;195.880000000;300;9636403010;B
20240219;102114;195.920000000;30;9636403079;B
20240219;102115;195.920000000;10;9636403293;B
20240219;102115;195.910000000;10;9636403294;S
20240219;102115;195.920000000;10;9636403316;B
20240219;102117;195.910000000;60;9636404644;S
20240219;102118;195.920000000;20;9636404757;B
20240219;102119;195.910000000;20;9636406078;S
20240219;102120;195.910000000;10;9636406515;S
20240219;102120;195.920000000;10;9636406569;B
20240219;102121;195.910000000;40;9636406859;S
20240219;102121;195.920000000;50;9636407214;B
20240219;102121;195.920000000;20;9636407356;B
20240219;102122;195.920000000;10;9636407443;B
20240219;102124;195.920000000;30;9636408361;B
20240219;102126;195.920000000;10;9636409150;B
20240219;102127;195.920000000;50;9636409687;B
20240219;102128;195.920000000;10;9636409783;B
20240219;102129;195.920000000;10;9636411231;B
20240219;102130;195.920000000;10;9636411271;B
20240219;102130;195.910000000;10;9636411337;S
20240219;102130;195.920000000;140;9636411501;B
20240219;102130;195.910000000;220;9636411502;S
20240219;102130;195.900000000;80;9636411503;S
20240219;102130;195.860000000;50;9636411504;S
20240219;102130;195.860000000;500;9636411505;S
20240219;102130;195.850000000;60;9636411506;S
20240219;102130;195.850000000;90;9636411507;S
20240219;102132;195.850000000;390;9636411896;S
20240219;102133;195.860000000;10;9636412501;B
20240219;102133;195.860000000;10;9636412593;B
20240219;102134;195.860000000;10;9636412712;B
20240219;102134;195.860000000;10;9636413178;B
20240219;102135;195.860000000;10;9636413818;B
20240219;102136;195.860000000;10;9636413901;B
20240219;102136;195.850000000;20;9636413913;S
20240219;102136;195.800000000;10;9636413948;S
20240219;102137;195.870000000;10;9636414208;B
20240219;102141;195.800000000;10;9636415464;S
20240219;102141;195.790000000;40;9636415465;S
20240219;102141;195.770000000;60;9636415466;S
20240219;102141;195.760000000;510;9636415467;S
20240219;102141;195.750000000;370;9636415468;S
20240219;102142;195.730000000;10;9636416172;S
20240219;102144;195.780000000;200;9636417351;S
20240219;102144;195.730000000;20;9636417352;S
20240219;102144;195.710000000;120;9636417353;S
20240219;102150;195.850000000;10;9636418778;B
20240219;102150;195.840000000;10;9636418919;B
20240219;102154;195.850000000;90;9636421348;B
20240219;102154;195.880000000;40;9636421349;B
20240219;102157;195.860000000;10;9636422314;B
20240219;102159;195.720000000;50;9636423606;S
20240219;102159;195.720000000;10;9636423607;S
20240219;102202;195.870000000;10;9636424227;B
20240219;102202;195.860000000;20;9636424454;B
20240219;102203;195.880000000;80;9636424566;B
20240219;102203;195.890000000;170;9636424567;B
20240219;102203;195.890000000;10;9636424571;B
20240219;102203;195.890000000;10;9636424690;B
20240219;102203;195.870000000;10;9636424785;B
20240219;102203;195.880000000;10;9636424795;B
20240219;102204;195.890000000;300;9636425134;B
20240219;102205;195.880000000;10;9636425304;B
20240219;102207;195.890000000;20;9636425744;B
20240219;102207;195.910000000;60;9636425788;B
20240219;102208;195.900000000;10;9636427110;B
20240219;102209;195.900000000;10;9636428009;B
20240219;102209;195.900000000;10;9636428020;B
20240219;102210;195.900000000;10;9636428406;B
20240219;102210;195.900000000;10;9636428470;B
20240219;102211;195.910000000;10;9636428914;B
20240219;102212;195.900000000;10;9636429109;B
20240219;102213;195.910000000;80;9636429357;B
20240219;102213;195.920000000;180;9636429358;B
20240219;102213;195.920000000;220;9636429367;B
20240219;102213;195.910000000;20;9636429383;B
20240219;102214;195.920000000;370;9636429512;B
20240219;102217;195.920000000;10;9636430311;B
20240219;102217;195.920000000;10;9636430842;B
20240219;102218;195.920000000;10;9636430866;B
20240219;102218;195.920000000;10;9636430956;B
20240219;102218;195.920000000;20;9636430976;B
20240219;102218;195.920000000;30;9636430977;B
20240219;102218;195.950000000;40;9636430978;B
20240219;102219;195.950000000;10;9636431851;B
20240219;102219;195.950000000;10;9636431913;B
20240219;102220;195.950000000;20;9636432069;B
20240219;102220;195.880000000;30;9636432137;S
20240219;102220;195.860000000;10;9636432138;S
20240219;102220;195.800000000;10;9636432139;S
20240219;102220;195.800000000;10;9636432140;S
20240219;102220;195.740000000;50;9636432141;S
20240219;102220;195.720000000;70;9636432142;S
20240219;102220;195.720000000;280;9636432143;S
20240219;102220;195.940000000;10;9636432159;B
20240219;102221;195.900000000;30;9636432261;B
20240219;102221;195.720000000;270;9636432294;S
20240219;102221;195.710000000;30;9636432295;S
20240219;102221;195.900000000;760;9636432382;B
20240219;102221;195.880000000;10;9636432408;B
20240219;102221;195.710000000;350;9636432426;S
20240219;102221;195.710000000;70;9636432427;S
20240219;102221;195.710000000;70;9636432428;S
20240219;102221;195.700000000;10;9636432429;S
20240219;102222;195.910000000;20;9636432707;B
20240219;102222;195.900000000;10;9636432853;B
20240219;102223;195.870000000;20;9636433042;B
20240219;102224;195.860000000;10;9636433602;B
20240219;102224;195.870000000;20;9636433603;B
20240219;102225;195.870000000;10;9636433721;B
20240219;102225;195.910000000;20;9636433742;B
20240219;102226;195.900000000;10;9636434540;B
20240219;102226;195.910000000;150;9636434812;B
20240219;102227;195.920000000;10;9636435576;B
20240219;102228;195.940000000;10;9636436233;B
20240219;102229;195.940000000;10;9636436476;B
20240219;102229;195.750000000;10;9636436533;S
20240219;102229;195.750000000;1540;9636436534;S
20240219;102229;195.740000000;50;9636436535;S
20240219;102229;195.740000000;100;9636436536;S
20240219;102229;195.730000000;100;9636436537;S
20240219;102229;195.720000000;200;9636436538;S
20240219;102229;195.720000000;40;9636436539;S
20240219;102229;195.700000000;40;9636436540;S
20240219;102229;195.700000000;10;9636436541;S
20240219;102229;195.700000000;50;9636436542;S
20240219;102229;195.690000000;120;9636436543;S
20240219;102229;195.670000000;10;9636436544;S
20240219;102229;195.670000000;960;9636436545;S
20240219;102229;195.660000000;100;9636436546;S
20240219;102229;195.660000000;500;9636436547;S
20240219;102229;195.660000000;500;9636436548;S
20240219;102229;195.640000000;1020;9636436549;S
20240219;102229;195.630000000;60;9636436550;S
20240219;102229;195.630000000;500;9636436551;S
20240219;102229;195.610000000;30;9636436552;S
20240219;102229;195.600000000;100;9636436553;S
20240219;102229;195.600000000;10;9636436554;S
20240219;102229;195.600000000;10;9636436555;S
20240219;102229;195.600000000;100;9636436556;S
20240219;102229;195.600000000;50;9636436557;S
20240219;102229;195.600000000;50;9636436558;S
20240219;102229;195.590000000;10;9636436559;S
20240219;102229;195.560000000;40;9636436560;S
20240219;102229;195.560000000;60;9636436561;S
20240219;102229;195.560000000;770;9636436562;S
20240219;102229;195.550000000;60;9636436563;S
20240219;102229;195.550000000;2000;9636436564;S
20240219;102229;195.550000000;500;9636436565;S
20240219;102229;195.540000000;50;9636436566;S
20240219;102229;195.530000000;10;9636436567;S
20240219;102229;195.510000000;10;9636436568;S
20240219;102229;195.510000000;10;9636436569;S
20240219;102229;195.510000000;20;9636436570;S
20240219;102229;195.500000000;10;9636436571;S
20240219;102229;195.500000000;10;9636436572;S
20240219;102229;195.500000000;20;9636436573;S
20240219;102229;195.500000000;160;9636436574;S
20240219;102230;195.560000000;60;9636437266;S
20240219;102230;195.750000000;10;9636437593;B
20240219;102231;195.740000000;10;9636437718;B
20240219;102231;195.740000000;10;9636437744;B
20240219;102231;195.730000000;10;9636437986;B
20240219;102232;195.720000000;10;9636438077;B
20240219;102232;195.720000000;20;9636438099;B
20240219;102233;195.720000000;10;9636439769;B
20240219;102233;195.750000000;20;9636439775;B
20240219;102235;195.710000000;10;9636440084;B
20240219;102235;195.720000000;20;9636440085;B
20240219;102236;195.750000000;30;9636440414;B
20240219;102236;195.750000000;50;9636440415;B
20240219;102240;195.750000000;40;9636442479;B
20240219;102242;195.750000000;10;9636443115;B
20240219;102242;195.750000000;50;9636443256;B
20240219;102242;195.760000000;10;9636443257;B
20240219;102242;195.770000000;40;9636443258;B
20240219;102242;195.770000000;10;9636443372;B
20240219;102242;195.770000000;10;9636443382;B
20240219;102242;195.770000000;40;9636443419;B
20240219;102242;195.780000000;10;9636443420;B
20240219;102243;195.800000000;10;9636443660;B
20240219;102245;195.800000000;10;9636445176;B
20240219;102246;195.800000000;10;9636445478;B
20240219;102246;195.800000000;10;9636445515;B
20240219;102246;195.850000000;10;9636445550;B
20240219;102247;195.830000000;10;9636445691;B
20240219;102248;195.830000000;10;9636445817;B
20240219;102251;195.850000000;10;9636446677;B
20240219;102251;195.850000000;10;9636446752;B
20240219;102251;195.720000000;10;9636446808;S
20240219;102251;195.660000000;20;9636446809;S
20240219;102253;195.830000000;10;9636447220;B
20240219;102254;195.830000000;40;9636447976;B
20240219;102254;195.830000000;70;9636447977;B
20240219;102254;195.850000000;50;9636447978;B
20240219;102254;195.860000000;300;9636447979;B
20240219;102254;195.870000000;1540;9636447980;B
20240219;102255;195.880000000;10;9636448194;B
20240219;102255;195.920000000;10;9636448884;B
20240219;102255;195.900000000;10;9636449107;B
20240219;102255;195.900000000;140;9636449161;B
20240219;102255;195.930000000;10;9636449242;B
20240219;102256;195.720000000;10;9636449377;S
20240219;102257;195.920000000;50;9636449799;B
20240219;102300;195.760000000;90;9636450775;S
20240219;102300;195.710000000;20;9636450776;S
20240219;102300;195.710000000;1540;9636450777;S
20240219;102300;195.700000000;1020;9636450778;S
20240219;102300;195.690000000;500;9636450779;S
20240219;102300;195.660000000;50;9636450780;S
20240219;102300;195.630000000;80;9636450781;S
20240219;102300;195.630000000;300;9636450782;S
20240219;102300;195.620000000;10;9636450783;S
20240219;102300;195.620000000;50;9636450784;S
20240219;102300;195.590000000;50;9636450785;S
20240219;102300;195.580000000;50;9636450786;S
20240219;102300;195.570000000;500;9636450787;S
20240219;102300;195.550000000;10;9636450788;S
20240219;102300;195.880000000;20;9636451148;B
20240219;102302;195.860000000;30;9636451835;B
20240219;102303;195.860000000;30;9636451904;B
20240219;102303;195.870000000;60;9636451905;B
20240219;102303;195.810000000;500;9636452026;S
20240219;102304;195.870000000;50;9636452143;B
20240219;102304;195.870000000;10;9636452178;B
20240219;102304;195.870000000;10;9636452209;B
20240219;102304;195.870000000;20;9636452514;B
20240219;102304;195.870000000;10;9636452602;B
20240219;102304;195.920000000;20;9636452603;B
20240219;102305;195.940000000;10;9636452670;B
20240219;102306;195.810000000;10;9636453029;S
20240219;102308;195.900000000;80;9636454450;B
20240219;102308;195.900000000;1000;9636454459;B
20240219;102308;195.910000000;110;9636454563;B
20240219;102308;195.910000000;10;9636454566;B
20240219;102309;195.960000000;10;9636454912;B
20240219;102310;195.980000000;90;9636455189;B
20240219;102310;195.960000000;10;9636455298;B
20240219;102310;195.970000000;10;9636455318;B
20240219;102311;195.970000000;20;9636455336;B
20240219;102311;195.980000000;10;9636455337;B
20240219;102311;195.980000000;10;9636455448;B
20240219;102312;195.990000000;90;9636455647;B
20240219;102312;195.980000000;10;9636455697;B
20240219;102312;195.980000000;90;9636455784;B
20240219;102312;195.960000000;170;9636455826;B
20240219;102312;195.950000000;90;9636455843;B
20240219;102312;195.960000000;10;9636455923;B
20240219;102312;195.960000000;90;9636455926;B
20240219;102313;195.980000000;10;9636456282;B
20240219;102314;195.980000000;10;9636456447;B
20240219;102315;196.000000000;40;9636456698;B
20240219;102315;196.000000000;50;9636456699;B
20240219;102315;196.000000000;90;9636457361;B
20240219;102315;196.000000000;20;9636457399;B
20240219;102315;196.000000000;90;9636457427;B
20240219;102316;196.000000000;50;9636457483;B
20240219;102316;196.020000000;20;9636457484;S
20240219;102316;196.050000000;900;9636457531;B
20240219;102316;196.050000000;10;9636457602;B
20240219;102318;196.010000000;10;9636458476;B
20240219;102324;195.990000000;10;9636460401;B
20240219;102324;195.990000000;40;9636460402;B
20240219;102324;196.000000000;30;9636460417;B
20240219;102324;196.010000000;10;9636461112;B
20240219;102324;196.010000000;470;9636461113;B
20240219;102324;196.000000000;20;9636461114;S
20240219;102324;196.000000000;470;9636461115;B
20240219;102324;196.000000000;4510;9636461116;B
20240219;102325;196.120000000;10;9636461479;B
20240219;102326;196.120000000;10;9636461622;B
20240219;102326;196.130000000;200;9636461623;B
20240219;102326;196.150000000;10;9636461624;B
20240219;102326;196.160000000;280;9636461625;B
20240219;102328;196.100000000;100;9636462008;B
20240219;102328;196.030000000;20;9636462059;S
20240219;102328;196.100000000;10;9636462428;B
20240219;102332;196.050000000;30;9636463949;S
20240219;102334;196.100000000;10;9636464298;B
20240219;102334;196.100000000;880;9636464329;B
20240219;102334;196.180000000;240;9636464330;B
20240219;102334;196.190000000;880;9636464331;B
20240219;102336;196.200000000;10;9636464870;B
20240219;102338;196.110000000;80;9636465844;S
20240219;102338;196.090000000;90;9636465845;S
20240219;102338;196.090000000;500;9636465846;S
20240219;102338;196.030000000;1540;9636465847;S
20240219;102338;196.020000000;200;9636465848;S
20240219;102338;196.010000000;1500;9636465849;S
20240219;102338;196.000000000;360;9636465850;S
20240219;102338;196.010000000;160;9636465920;S
20240219;102338;196.210000000;30;9636465952;B
20240219;102340;196.180000000;110;9636466720;B
20240219;102345;196.180000000;10;9636468869;B
20240219;102346;196.180000000;10;9636468914;B
20240219;102346;196.190000000;100;9636468915;B
20240219;102346;196.200000000;20;9636468916;B
20240219;102346;196.200000000;100;9636468995;B
20240219;102347;196.100000000;10;9636469408;S
20240219;102347;196.100000000;30;9636469409;S
20240219;102347;196.200000000;80;9636469518;B
20240219;102347;196.210000000;20;9636469519;B
20240219;102351;196.100000000;60;9636470803;S
20240219;102353;196.190000000;10;9636471627;B
20240219;102353;196.190000000;400;9636471644;B
20240219;102355;196.190000000;140;9636472703;B
20240219;102355;196.190000000;50;9636472706;B
20240219;102358;196.190000000;10;9636473291;B
20240219;102359;196.190000000;40;9636473754;B
20240219;102359;196.190000000;20;9636473755;B
20240219;102359;196.200000000;40;9636473756;B
20240219;102400;196.190000000;30;9636474136;B
20240219;102400;196.200000000;370;9636474137;B
20240219;102401;196.190000000;10;9636474799;B
20240219;102401;196.190000000;10;9636474823;B
20240219;102401;196.200000000;670;9636474824;B
20240219;102401;196.190000000;10;9636474836;B
20240219;102401;196.200000000;10;9636474837;B
20240219;102402;196.200000000;10;9636475092;B
20240219;102402;196.200000000;10;9636475166;B
20240219;102403;196.200000000;10;9636475328;B
20240219;102405;196.200000000;10;9636475867;B
20240219;102405;196.200000000;10;9636475909;B
20240219;102405;196.180000000;10;9636475924;S
20240219;102405;196.200000000;500;9636476116;B
20240219;102406;196.200000000;30;9636476785;B
20240219;102408;196.200000000;10;9636477014;B
20240219;102408;196.200000000;260;9636477053;B
20240219;102408;196.200000000;10;9636477054;B
20240219;102409;196.200000000;30;9636477743;B
20240219;102410;196.190000000;80;9636478287;B
20240219;102410;196.200000000;110;9636478288;B
20240219;102410;196.200000000;10;9636478350;B
20240219;102410;196.200000000;20;9636478378;B
20240219;102412;196.180000000;10;9636478815;S
20240219;102412;196.200000000;10;9636478880;B
20240219;102413;196.200000000;250;9636478897;B
20240219;102414;196.200000000;10;9636479173;B
20240219;102415;196.200000000;10;9636479593;B
20240219;102416;196.200000000;20;9636479795;B
20240219;102416;196.200000000;20;9636479850;B
20240219;102416;196.200000000;1000;9636479853;B
