<DATE>;<TIME>;<LAST>;<VOL>;<ID>;<OPER>
20240119;095944;194.000000000;10;9445288024;S
20240119;095944;194.000000000;10;9445288025;B
20240119;095944;194.000000000;40;9445288026;S
20240119;095944;194.000000000;10;9445288027;B
20240119;095944;194.000000000;10;9445288028;B
20240119;095944;194.000000000;20;9445288029;B
20240119;095944;194.000000000;70;9445288030;B
20240119;095944;194.000000000;30;9445288031;B
20240119;095944;194.000000000;10;9445288032;B
20240119;095944;194.000000000;10;9445288033;B
20240119;095944;194.000000000;30;9445288034;S
20240119;095944;194.000000000;10;9445288035;B
20240119;095944;194.000000000;10;9445288036;B
20240119;095944;194.000000000;10;9445288037;B
20240119;095944;194.000000000;100;9445288038;B
20240119;095944;194.000000000;10;9445288039;B
20240119;095944;194.000000000;20;9445288040;B
20240119;095944;194.000000000;130;9445288041;B
20240119;095944;194.000000000;410;9445288042;S
20240119;095944;194.000000000;10;9445288043;S
20240119;095944;194.000000000;10;9445288044;S
20240119;095944;194.000000000;30;9445288045;S
20240119;095944;194.000000000;10;9445288046;B
20240119;095944;194.000000000;30;9445288047;B
20240119;095944;194.000000000;50;9445288048;B
20240119;095944;194.000000000;30;9445288049;B
20240119;095944;194.000000000;140;9445288050;B
20240119;095944;194.000000000;20;9445288051;S
20240119;100000;193.990000000;10;9445291162;B
20240119;100000;194.000000000;190;9445291163;B
20240119;100000;194.000000000;800;9445291164;B
20240119;100000;194.000000000;100;9445291165;B
20240119;100002;194.000000000;150;9445291897;B
20240119;100002;194.000000000;10;9445291898;B
20240119;100002;194.000000000;10;9445291899;B
20240119;100002;194.000000000;10;9445291900;B
20240119;100002;194.000000000;10;9445291901;B
20240119;100002;194.010000000;10;9445291902;B
20240119;100002;194.070000000;80;9445291903;B
20240119;100002;194.080000000;260;9445291904;B
20240119;100002;194.090000000;430;9445291905;B
20240119;100002;194.100000000;250;9445291906;B
20240119;100002;194.180000000;490;9445292036;S
20240119;100002;194.180000000;10;9445292146;S
20240119;100002;194.230000000;10;9445292190;B
20240119;100003;194.260000000;20;9445292345;B
20240119;100003;194.280000000;480;9445292346;B
20240119;100003;194.260000000;10;9445292461;B
20240119;100004;194.260000000;30;9445292828;B
20240119;100004;194.260000000;200;9445292834;B
20240119;100005;194.270000000;50;9445293542;B
20240119;100005;194.270000000;360;9445293543;B
20240119;100005;194.280000000;90;9445293544;B
20240119;100005;194.180000000;10;9445293550;S
20240119;100005;194.280000000;10;9445293734;B
20240119;100005;194.280000000;10;9445294196;B
20240119;100005;194.180000000;10;9445294542;S
20240119;100005;194.290000000;500;9445294827;S
20240119;100005;194.180000000;40;9445294886;S
20240119;100005;194.180000000;10;9445295115;S
20240119;100005;194.300000000;10;9445295134;B
20240119;100006;194.300000000;10;9445295428;B
20240119;100006;194.180000000;30;9445295785;S
20240119;100006;194.180000000;10;9445295788;S
20240119;100006;194.180000000;240;9445295848;S
20240119;100007;194.180000000;40;9445296289;S
20240119;100007;194.180000000;10;9445296540;S
20240119;100010;194.180000000;30;9445297468;S
20240119;100010;194.180000000;20;9445297679;S
20240119;100013;194.250000000;100;9445298611;B
20240119;100016;194.180000000;20;9445299444;S
20240119;100016;194.180000000;100;9445299477;S
20240119;100020;194.200000000;60;9445300624;B
20240119;100020;194.210000000;50;9445300625;B
20240119;100027;194.180000000;40;9445302019;S
20240119;100027;194.200000000;60;9445302035;B
20240119;100027;194.210000000;300;9445302036;B
20240119;100028;194.210000000;40;9445302186;B
20240119;100029;194.210000000;30;9445302545;B
20240119;100030;194.180000000;570;9445302725;S
20240119;100031;194.050000000;30;9445302909;B
20240119;100031;194.140000000;60;9445302910;B
20240119;100031;194.160000000;520;9445302911;B
20240119;100031;194.170000000;260;9445302912;B
20240119;100031;194.190000000;2600;9445302913;B
20240119;100031;194.210000000;770;9445302914;B
20240119;100035;194.030000000;10;9445303823;B
20240119;100040;194.020000000;10;9445304557;B
20240119;100047;193.910000000;10;9445305736;S
20240119;100048;193.910000000;10;9445306056;S
20240119;100048;193.850000000;10;9445306057;S
20240119;100049;194.020000000;10;9445306342;B
20240119;100057;193.890000000;10;9445307980;S
20240119;100057;193.850000000;40;9445307981;S
20240119;100057;193.830000000;30;9445307982;S
20240119;100057;193.810000000;70;9445307983;S
20240119;100110;193.820000000;10;9445310064;S
20240119;100118;193.890000000;20;9445311298;B
20240119;100121;194.030000000;20;9445311751;B
20240119;100125;194.030000000;20;9445312716;B
20240119;100125;194.100000000;20;9445312717;B
20240119;100125;194.110000000;200;9445312718;B
20240119;100125;194.120000000;910;9445312719;B
20240119;100125;194.160000000;520;9445312720;B
20240119;100125;194.170000000;220;9445312721;B
20240119;100125;194.190000000;1200;9445312722;B
20240119;100125;194.200000000;1510;9445312723;B
20240119;100125;194.210000000;3900;9445312724;B
20240119;100133;194.200000000;20;9445313883;B
20240119;100136;194.180000000;20;9445314397;B
20240119;100136;194.190000000;140;9445314398;B
20240119;100139;194.170000000;10;9445314848;B
20240119;100201;194.150000000;300;9445317489;B
20240119;100206;194.090000000;420;9445318149;S
20240119;100206;194.080000000;190;9445318150;S
20240119;100206;194.000000000;10;9445318151;S
20240119;100206;193.990000000;500;9445318152;S
20240119;100206;193.880000000;60;9445318153;S
20240119;100206;193.880000000;110;9445318154;S
20240119;100206;193.880000000;200;9445318155;S
20240119;100206;193.870000000;150;9445318156;S
20240119;100206;193.870000000;60;9445318157;S
20240119;100206;193.800000000;150;9445318158;S
20240119;100206;193.800000000;10;9445318159;S
20240119;100206;193.790000000;1860;9445318160;S
20240119;100206;193.780000000;30;9445318161;S
20240119;100206;193.780000000;1000;9445318162;S
20240119;100206;193.770000000;10;9445318163;S
20240119;100206;193.750000000;500;9445318164;S
20240119;100206;193.730000000;290;9445318165;S
20240119;100206;193.730000000;10;9445318166;S
20240119;100206;193.730000000;10;9445318167;S
20240119;100206;193.730000000;220;9445318168;S
20240119;100206;193.670000000;1860;9445318169;S
20240119;100206;193.660000000;2350;9445318170;S
20240119;100206;193.670000000;700;9445318171;S
20240119;100207;193.840000000;10;9445318250;B
20240119;100210;193.820000000;180;9445318663;B
20240119;100210;193.820000000;140;9445318664;B
20240119;100217;193.820000000;80;9445319223;B
20240119;100217;193.830000000;120;9445319224;B
20240119;100217;193.830000000;70;9445319302;B
20240119;100217;193.830000000;10;9445319339;B
20240119;100217;193.830000000;100;9445319436;B
20240119;100221;193.760000000;10;9445319855;S
20240119;100231;193.780000000;180;9445321382;S
20240119;100235;193.820000000;10;9445321927;B
20240119;100235;193.980000000;200;9445321942;B
20240119;100236;194.000000000;10;9445322241;B
20240119;100236;194.050000000;160;9445322242;B
20240119;100237;194.040000000;60;9445322459;B
20240119;100239;193.990000000;20;9445322705;B
20240119;100239;194.000000000;20;9445322706;B
20240119;100247;194.000000000;20;9445323666;B
20240119;100248;194.000000000;100;9445323819;B
20240119;100254;194.000000000;20;9445324562;B
20240119;100257;194.000000000;10;9445324946;B
20240119;100300;194.000000000;10;9445325189;B
20240119;100300;194.000000000;30;9445325261;B
20240119;100303;194.000000000;380;9445325501;B
20240119;100303;194.000000000;10;9445325502;B
20240119;100303;194.000000000;500;9445325503;B
20240119;100303;194.020000000;160;9445325504;B
20240119;100303;194.040000000;80;9445325505;B
20240119;100306;194.050000000;20;9445326418;B
20240119;100318;194.040000000;10;9445327744;S
20240119;100320;194.050000000;10;9445327961;B
20240119;100320;194.050000000;30;9445327997;B
20240119;100320;194.050000000;280;9445328054;B
20240119;100320;194.090000000;240;9445328055;B
20240119;100320;194.080000000;10;9445328065;S
20240119;100323;194.080000000;450;9445328495;S
20240119;100332;194.080000000;100;9445329732;S
20240119;100340;194.080000000;20;9445330754;S
20240119;100341;194.090000000;20;9445330894;B
20240119;100341;194.080000000;10;9445330907;S
20240119;100345;194.090000000;10;9445331393;B
20240119;100345;194.080000000;410;9445331402;S
20240119;100345;194.080000000;240;9445331403;S
20240119;100346;194.080000000;10;9445331660;S
20240119;100347;194.090000000;10;9445331733;B
20240119;100347;194.080000000;120;9445331734;S
20240119;100350;194.080000000;20;9445332146;S
20240119;100351;194.090000000;10;9445332322;B
20240119;100353;194.090000000;110;9445332557;B
20240119;100359;194.100000000;280;9445333315;B
20240119;100359;194.130000000;580;9445333316;B
20240119;100359;194.160000000;180;9445333317;B
20240119;100359;194.170000000;960;9445333318;B
20240119;100407;194.160000000;30;9445334447;S
20240119;100409;194.170000000;10;9445334886;B
20240119;100409;194.170000000;590;9445334888;B
20240119;100409;194.170000000;50;9445334889;B
20240119;100409;194.210000000;110;9445334893;B
20240119;100409;194.270000000;200;9445335044;B
20240119;100409;194.300000000;400;9445335046;B
20240119;100409;194.310000000;5900;9445335047;B
20240119;100409;194.350000000;10;9445335052;B
20240119;100409;194.390000000;50;9445335054;B
20240119;100409;194.390000000;30;9445335055;B
20240119;100409;194.390000000;190;9445335056;B
20240119;100409;194.400000000;30;9445335057;B
20240119;100409;194.410000000;2000;9445335058;B
20240119;100409;194.420000000;10;9445335059;B
20240119;100409;194.450000000;5000;9445335063;B
20240119;100409;194.460000000;190;9445335064;B
20240119;100409;194.470000000;500;9445335065;B
20240119;100409;194.480000000;10;9445335066;B
20240119;100409;194.500000000;10;9445335067;B
20240119;100409;194.500000000;10;9445335068;B
20240119;100409;194.500000000;10;9445335069;B
20240119;100409;194.500000000;10;9445335070;B
20240119;100409;194.500000000;110;9445335071;B
20240119;100409;194.500000000;50;9445335072;B
20240119;100409;194.500000000;150;9445335073;B
20240119;100409;194.500000000;10;9445335074;B
20240119;100409;194.510000000;30;9445335079;S
20240119;100409;194.510000000;70;9445335080;B
20240119;100409;194.540000000;400;9445335081;S
20240119;100409;194.550000000;30;9445335082;B
20240119;100409;194.560000000;10;9445335083;B
20240119;100409;194.570000000;50;9445335085;B
20240119;100409;194.570000000;10;9445335086;B
20240119;100409;194.570000000;60;9445335087;B
20240119;100410;194.590000000;480;9445335190;B
20240119;100410;194.590000000;10;9445335191;B
20240119;100410;194.600000000;20;9445335192;B
20240119;100410;194.610000000;30;9445335193;B
20240119;100410;194.620000000;210;9445335194;B
20240119;100410;194.680000000;20;9445335195;B
20240119;100410;194.670000000;110;9445335196;S
20240119;100410;194.660000000;1000;9445335197;S
20240119;100410;194.660000000;1000;9445335198;S
20240119;100410;194.660000000;1000;9445335199;S
20240119;100410;194.650000000;40;9445335201;B
20240119;100410;194.680000000;220;9445335202;B
20240119;100410;194.680000000;190;9445335203;S
20240119;100410;194.680000000;550;9445335204;S
20240119;100410;194.680000000;1000;9445335205;S
20240119;100410;194.680000000;1000;9445335206;S
20240119;100410;194.680000000;1000;9445335207;S
20240119;100410;194.680000000;700;9445335208;S
20240119;100410;194.690000000;10;9445335217;B
20240119;100410;194.580000000;180;9445335226;S
20240119;100410;194.680000000;180;9445335234;B
20240119;100410;194.690000000;510;9445335235;B
20240119;100410;194.690000000;510;9445335236;B
20240119;100415;194.550000000;100;9445335949;S
20240119;100429;194.570000000;60;9445338027;S
20240119;100429;194.560000000;40;9445338028;S
20240119;100438;194.570000000;20;9445339376;B
20240119;100438;194.590000000;10;9445339377;B
20240119;100440;194.600000000;20;9445339871;B
20240119;100440;194.560000000;10;9445339882;S
20240119;100442;194.560000000;20;9445340083;S
20240119;100444;194.560000000;20;9445340467;S
20240119;100444;194.560000000;30;9445340469;B
20240119;100446;194.540000000;30;9445340673;S
20240119;100446;194.540000000;10;9445340698;S
20240119;100446;194.500000000;80;9445340710;S
20240119;100448;194.500000000;420;9445340933;S
20240119;100454;194.470000000;50;9445341800;S
20240119;100456;194.470000000;30;9445342003;S
20240119;100456;194.460000000;60;9445342004;S
20240119;100457;194.500000000;30;9445342111;B
20240119;100457;194.510000000;210;9445342112;B
20240119;100457;194.520000000;60;9445342113;B
20240119;100457;194.530000000;50;9445342114;B
20240119;100457;194.530000000;10;9445342115;B
20240119;100457;194.540000000;40;9445342116;B
20240119;100505;194.520000000;2500;9445343167;S
20240119;100506;194.530000000;10;9445343333;B
20240119;100509;194.540000000;10;9445343774;B
20240119;100517;194.500000000;30;9445344876;S
20240119;100520;194.500000000;60;9445345384;S
20240119;100523;194.450000000;30;9445345964;S
20240119;100523;194.430000000;20;9445345965;S
20240119;100524;194.430000000;80;9445346112;S
20240119;100524;194.420000000;190;9445346113;S
20240119;100524;194.410000000;30;9445346114;S
20240119;100524;194.390000000;90;9445346115;S
20240119;100524;194.360000000;500;9445346116;S
20240119;100524;194.220000000;10;9445346117;S
20240119;100524;194.210000000;200;9445346118;S
20240119;100524;194.200000000;550;9445346119;S
20240119;100524;194.190000000;20;9445346120;S
20240119;100524;194.180000000;830;9445346121;S
20240119;100524;194.220000000;10;9445346154;S
20240119;100525;194.220000000;10;9445346245;S
20240119;100527;194.270000000;10;9445346360;B
20240119;100536;194.240000000;10;9445347488;B
20240119;100537;194.240000000;10;9445347718;B
20240119;100544;194.230000000;40;9445348491;B
20240119;100545;194.230000000;30;9445348707;B
20240119;100545;194.230000000;70;9445348708;S
20240119;100546;194.170000000;20;9445348835;S
20240119;100546;194.160000000;100;9445348836;S
20240119;100547;194.160000000;100;9445348960;B
20240119;100548;194.160000000;30;9445349010;B
20240119;100551;194.150000000;30;9445349682;B
20240119;100551;194.150000000;160;9445349683;B
20240119;100551;194.150000000;200;9445349684;B
20240119;100551;194.160000000;250;9445349685;B
20240119;100551;194.160000000;180;9445349686;B
20240119;100551;194.220000000;500;9445349687;B
20240119;100551;194.250000000;1280;9445349688;B
20240119;100600;194.270000000;50;9445350777;B
20240119;100615;194.240000000;20;9445352385;B
20240119;100616;194.240000000;30;9445352459;B
20240119;100616;194.250000000;10;9445352460;B
20240119;100616;194.240000000;100;9445352537;S
20240119;100617;194.180000000;30;9445352563;S
20240119;100617;194.170000000;20;9445352564;S
20240119;100617;194.170000000;20;9445352565;S
20240119;100617;194.170000000;190;9445352566;S
20240119;100617;194.160000000;70;9445352567;S
20240119;100623;194.160000000;10;9445353197;S
20240119;100624;194.170000000;1300;9445353235;B
20240119;100625;194.170000000;10;9445353361;B
20240119;100626;194.170000000;20;9445353456;B
20240119;100626;194.170000000;930;9445353474;B
20240119;100626;194.180000000;30;9445353475;B
20240119;100628;194.240000000;10;9445353633;S
20240119;100638;194.240000000;10;9445354984;S
20240119;100640;194.240000000;80;9445355187;S
20240119;100640;194.240000000;20;9445355188;S
20240119;100640;194.240000000;100;9445355189;S
20240119;100640;194.240000000;20;9445355190;S
20240119;100645;194.240000000;10;9445355895;B
20240119;100704;194.200000000;100;9445358048;S
20240119;100704;194.200000000;100;9445358049;S
20240119;100704;194.200000000;10;9445358050;S
20240119;100704;194.190000000;300;9445358051;S
20240119;100705;194.190000000;520;9445358072;S
20240119;100705;194.180000000;30;9445358073;S
20240119;100705;194.180000000;400;9445358074;S
20240119;100705;194.150000000;190;9445358075;S
20240119;100705;194.050000000;30;9445358076;S
20240119;100705;194.020000000;30;9445358077;S
20240119;100705;194.000000000;10;9445358078;S
20240119;100705;194.000000000;10;9445358079;S
20240119;100705;193.950000000;80;9445358080;S
20240119;100705;193.960000000;190;9445358081;S
20240119;100705;193.950000000;110;9445358082;S
20240119;100711;193.940000000;30;9445358714;B
20240119;100728;193.910000000;100;9445361093;B
20240119;100729;193.960000000;30;9445361421;B
20240119;100729;193.960000000;170;9445361422;S
20240119;100729;193.910000000;30;9445361479;S
20240119;100729;193.900000000;120;9445361480;S
20240119;100729;193.880000000;90;9445361481;S
20240119;100734;193.900000000;70;9445362232;B
20240119;100736;193.890000000;30;9445362563;S
20240119;100736;193.890000000;20;9445362564;S
20240119;100739;193.900000000;10;9445362915;B
20240119;100740;193.960000000;10;9445363043;B
20240119;100742;193.890000000;10;9445363230;S
20240119;100746;193.960000000;180;9445363956;B
20240119;100746;193.980000000;30;9445363957;B
20240119;100750;194.000000000;10;9445364379;B
20240119;100750;194.020000000;30;9445364380;B
20240119;100750;194.030000000;110;9445364381;B
20240119;100757;194.000000000;10;9445365216;B
20240119;100810;194.070000000;10;9445367260;B
20240119;100810;194.070000000;10;9445367261;B
20240119;100810;194.070000000;20;9445367262;B
20240119;100810;194.070000000;10;9445367263;B
20240119;100810;194.090000000;30;9445367264;B
20240119;100810;194.090000000;20;9445367265;B
20240119;100811;194.070000000;30;9445367420;S
20240119;100811;194.080000000;100;9445367421;S
20240119;100818;194.020000000;20;9445368268;S
20240119;100818;193.990000000;30;9445368269;S
20240119;100818;193.980000000;100;9445368270;S
20240119;100836;194.070000000;10;9445370071;B
20240119;100846;194.040000000;10;9445371122;B
20240119;100846;194.050000000;30;9445371123;B
20240119;100846;194.050000000;60;9445371124;B
20240119;100918;194.040000000;30;9445374318;S
20240119;100930;194.060000000;20;9445375518;S
20240119;100930;194.050000000;30;9445375519;S
20240119;100930;194.050000000;10;9445375520;S
20240119;100930;194.040000000;80;9445375521;S
20240119;100933;194.040000000;90;9445375788;S
20240119;101004;194.100000000;180;9445379534;B
20240119;101004;194.100000000;20;9445379535;B
20240119;101005;194.110000000;10;9445379549;B
20240119;101007;194.040000000;20;9445380246;S
20240119;101008;194.100000000;30;9445380347;B
20240119;101008;194.100000000;60;9445380348;B
20240119;101009;194.040000000;50;9445380603;S
20240119;101022;194.040000000;10;9445382336;S
20240119;101025;194.040000000;10;9445382702;S
20240119;101032;194.040000000;50;9445383693;S
20240119;101039;194.090000000;20;9445384410;B
20240119;101041;194.100000000;40;9445384659;B
20240119;101044;194.090000000;10;9445384918;B
20240119;101058;194.040000000;10;9445386611;S
20240119;101101;194.090000000;10;9445387269;B
20240119;101107;194.040000000;110;9445387963;S
20240119;101118;194.090000000;10;9445389295;B
20240119;101123;194.040000000;40;9445389922;S
20240119;101123;194.040000000;10;9445389923;S
20240119;101123;194.040000000;60;9445389924;S
20240119;101124;194.040000000;10;9445390003;S
20240119;101144;194.050000000;10;9445392512;B
20240119;101148;194.040000000;20;9445393017;B
20240119;101148;194.050000000;30;9445393018;B
20240119;101148;194.060000000;70;9445393019;B
20240119;101148;194.070000000;170;9445393020;B
20240119;101148;194.090000000;10;9445393021;B
20240119;101152;194.090000000;10;9445393549;B
20240119;101154;194.050000000;10;9445393815;S
20240119;101155;194.090000000;10;9445393849;B
20240119;101156;194.050000000;40;9445393949;S
20240119;101157;194.050000000;10;9445394132;B
20240119;101220;194.050000000;90;9445397772;B
20240119;101224;194.050000000;50;9445398106;B
20240119;101226;194.050000000;80;9445398316;B
20240119;101234;194.000000000;20;9445399112;S
20240119;101234;193.990000000;10;9445399113;S
20240119;101235;193.990000000;30;9445399156;S
20240119;101235;193.980000000;280;9445399157;S
20240119;101246;194.000000000;10;9445400712;S
20240119;101247;194.000000000;240;9445400834;S
20240119;101247;193.970000000;30;9445400835;S
20240119;101247;193.950000000;10;9445400836;S
20240119;101247;193.910000000;50;9445400837;S
20240119;101247;193.900000000;160;9445400838;S
20240119;101247;193.900000000;90;9445400839;S
20240119;101247;193.880000000;1540;9445400840;S
20240119;101247;193.860000000;200;9445400841;S
20240119;101247;193.850000000;190;9445400842;S
20240119;101247;193.770000000;10;9445400843;S
20240119;101247;193.740000000;30;9445400844;S
20240119;101247;193.730000000;40;9445400845;S
20240119;101247;193.720000000;520;9445400846;S
20240119;101247;193.710000000;700;9445400847;S
20240119;101247;193.950000000;190;9445400862;B
20240119;101247;193.950000000;310;9445400864;S
20240119;101255;193.870000000;50;9445401726;B
20240119;101258;193.740000000;30;9445402216;S
20240119;101258;193.730000000;30;9445402217;S
20240119;101258;193.730000000;10;9445402225;S
20240119;101258;193.730000000;10;9445402227;S
20240119;101300;193.770000000;30;9445402366;S
20240119;101310;193.790000000;10;9445403394;S
20240119;101311;193.870000000;10;9445403487;B
20240119;101313;193.870000000;10;9445403711;B
20240119;101320;193.810000000;800;9445404283;B
20240119;101337;193.860000000;10;9445406197;B
20240119;101337;193.850000000;600;9445406198;S
20240119;101337;193.850000000;10;9445406199;S
20240119;101337;193.850000000;10;9445406325;B
20240119;101344;193.770000000;190;9445407186;S
20240119;101344;193.760000000;20;9445407187;S
20240119;101344;193.760000000;310;9445407188;S
20240119;101348;193.820000000;50;9445407555;B
20240119;101357;193.820000000;10;9445408597;B
20240119;101402;193.820000000;60;9445409526;B
20240119;101414;193.830000000;10;9445410716;B
20240119;101421;193.780000000;10;9445411515;S
20240119;101426;193.820000000;10;9445412110;B
20240119;101434;193.800000000;10;9445412931;B
20240119;101434;193.810000000;30;9445412932;B
20240119;101443;193.800000000;10;9445414047;B
20240119;101513;193.800000000;10;9445419491;S
20240119;101513;193.800000000;10;9445419492;S
20240119;101513;193.750000000;10;9445419526;S
20240119;101519;193.740000000;20;9445421061;S
20240119;101519;193.740000000;10;9445421062;S
20240119;101522;193.760000000;10;9445421647;B
20240119;101523;193.730000000;10;9445421867;S
20240119;101523;193.710000000;20;9445421868;S
20240119;101523;193.700000000;10;9445422001;S
20240119;101528;193.690000000;60;9445423185;S
20240119;101529;193.690000000;10;9445423379;S
20240119;101532;193.690000000;60;9445423733;S
20240119;101535;193.770000000;20;9445424454;B
20240119;101535;193.770000000;140;9445424455;B
20240119;101535;193.770000000;100;9445424456;B
20240119;101535;193.780000000;370;9445424457;B
20240119;101535;193.800000000;10;9445424458;B
20240119;101535;193.800000000;10;9445424459;B
20240119;101535;193.820000000;500;9445424460;B
20240119;101535;193.890000000;200;9445424461;B
20240119;101535;193.920000000;520;9445424462;B
20240119;101535;193.920000000;280;9445424463;B
20240119;101544;193.820000000;10;9445426330;B
20240119;101545;193.820000000;10;9445426595;B
20240119;101549;193.810000000;20;9445427393;B
20240119;101549;193.820000000;30;9445427394;B
20240119;101549;193.820000000;50;9445427395;B
20240119;101550;193.750000000;90;9445427612;S
20240119;101551;193.740000000;10;9445427951;S
20240119;101551;193.730000000;80;9445427952;S
20240119;101551;193.680000000;90;9445428060;S
20240119;101551;193.680000000;30;9445428107;S
20240119;101551;193.680000000;90;9445428316;S
20240119;101551;193.680000000;90;9445428472;S
20240119;101552;193.680000000;90;9445428595;S
20240119;101552;193.680000000;90;9445428747;S
20240119;101552;193.680000000;20;9445428975;S
20240119;101552;193.660000000;70;9445428976;S
20240119;101556;193.660000000;200;9445430591;S
20240119;101604;193.650000000;20;9445432711;S
20240119;101605;193.700000000;30;9445432940;B
20240119;101605;193.710000000;140;9445432941;B
20240119;101605;193.720000000;170;9445432942;B
20240119;101605;193.720000000;500;9445432943;B
20240119;101605;193.730000000;90;9445432944;B
20240119;101605;193.780000000;60;9445432945;B
20240119;101605;193.790000000;10;9445432946;B
20240119;101610;193.660000000;60;9445434254;S
20240119;101611;193.710000000;100;9445434393;S
20240119;101611;193.650000000;300;9445434394;S
20240119;101612;193.650000000;10;9445434494;S
20240119;101615;193.650000000;40;9445435124;S
20240119;101618;193.710000000;10;9445435755;B
20240119;101626;193.650000000;1630;9445437659;S
20240119;101626;193.640000000;20;9445437660;S
20240119;101626;193.630000000;190;9445437661;S
20240119;101626;193.630000000;30;9445437662;S
20240119;101626;193.620000000;50;9445437663;S
20240119;101626;193.620000000;30;9445437664;S
20240119;101626;193.600000000;230;9445437665;S
20240119;101626;193.600000000;60;9445437666;S
20240119;101626;193.600000000;260;9445437667;S
20240119;101626;193.600000000;130;9445437687;S
20240119;101636;193.650000000;10;9445440051;B
20240119;101638;193.600000000;100;9445440268;S
20240119;101648;193.660000000;10;9445442147;B
20240119;101649;193.610000000;10;9445442345;S
20240119;101649;193.600000000;10;9445442346;S
20240119;101650;193.600000000;100;9445442513;S
20240119;101652;193.600000000;400;9445442727;S
20240119;101652;193.600000000;600;9445442728;S
20240119;101656;193.610000000;10;9445443474;B
20240119;101657;193.600000000;790;9445443580;S
20240119;101657;193.600000000;20;9445443581;S
20240119;101657;193.600000000;120;9445443582;S
20240119;101657;193.600000000;10;9445443586;S
20240119;101657;193.600000000;10;9445443726;S
20240119;101659;193.600000000;10;9445444331;S
20240119;101659;193.600000000;10;9445444344;S
20240119;101659;193.600000000;140;9445444355;S
20240119;101659;193.590000000;30;9445444358;S
20240119;101700;193.570000000;10;9445444931;S
20240119;101706;193.600000000;10;9445446211;B
20240119;101711;193.580000000;10;9445447085;B
20240119;101711;193.570000000;10;9445447162;B
20240119;101715;193.530000000;60;9445447999;S
20240119;101716;193.530000000;50;9445448205;S
20240119;101716;193.520000000;10;9445448206;S
20240119;101716;193.520000000;10;9445448207;S
20240119;101716;193.520000000;30;9445448208;S
20240119;101716;193.510000000;100;9445448209;S
20240119;101720;193.510000000;5000;9445449313;S
20240119;101721;193.530000000;10;9445449453;B
20240119;101722;193.530000000;10;9445449652;B
20240119;101723;193.510000000;50;9445449954;S
20240119;101724;193.510000000;100;9445450094;S
20240119;101725;193.510000000;650;9445450213;S
20240119;101725;193.510000000;10;9445450214;S
20240119;101725;193.500000000;10;9445450215;S
20240119;101725;193.500000000;100;9445450216;S
20240119;101725;193.500000000;200;9445450217;S
20240119;101725;193.500000000;100;9445450218;S
20240119;101725;193.500000000;10;9445450219;S
20240119;101725;193.500000000;30;9445450220;S
20240119;101725;193.500000000;150;9445450221;S
20240119;101725;193.500000000;10;9445450222;S
20240119;101725;193.500000000;10;9445450223;S
20240119;101725;193.500000000;650;9445450224;S
20240119;101725;193.480000000;30;9445450225;S
20240119;101725;193.460000000;40;9445450226;S
20240119;101725;193.450000000;670;9445450229;S
20240119;101725;193.380000000;10;9445450258;S
20240119;101725;193.380000000;30;9445450284;S
20240119;101725;193.390000000;30;9445450292;B
20240119;101725;193.390000000;70;9445450293;B
20240119;101725;193.380000000;4970;9445450294;S
20240119;101726;193.300000000;10;9445450328;S
20240119;101726;193.270000000;10;9445450329;S
20240119;101726;193.260000000;10;9445450330;S
20240119;101726;193.240000000;20;9445450335;S
20240119;101726;193.230000000;80;9445450336;S
20240119;101726;193.220000000;610;9445450359;S
20240119;101726;193.210000000;160;9445450360;S
20240119;101726;193.200000000;10;9445450361;S
20240119;101726;193.200000000;30;9445450362;S
20240119;101726;193.200000000;30;9445450363;S
20240119;101726;193.200000000;190;9445450364;S
20240119;101726;193.190000000;100;9445450380;S
20240119;101726;193.200000000;10;9445450383;B
20240119;101726;193.200000000;20;9445450433;B
20240119;101726;193.200000000;80;9445450434;B
20240119;101726;193.200000000;50;9445450465;B
20240119;101727;193.190000000;20;9445450569;S
20240119;101727;193.180000000;100;9445450570;S
20240119;101727;193.180000000;30;9445450571;S
20240119;101727;193.170000000;10;9445450572;S
20240119;101727;193.160000000;340;9445450573;S
20240119;101727;193.190000000;40;9445450574;S
20240119;101727;193.160000000;660;9445450680;S
20240119;101727;193.160000000;50;9445450681;S
20240119;101727;193.160000000;20;9445450682;S
20240119;101728;193.130000000;80;9445450793;S
20240119;101729;193.130000000;10;9445450928;S
20240119;101731;193.130000000;10;9445451381;S
20240119;101731;193.130000000;10;9445451382;S
20240119;101731;193.130000000;500;9445451383;S
20240119;101731;193.120000000;80;9445451384;S
20240119;101732;193.140000000;30;9445451429;B
20240119;101732;193.140000000;470;9445451430;B
20240119;101732;193.120000000;20;9445451510;S
20240119;101732;193.120000000;20;9445451511;S
20240119;101732;193.110000000;80;9445451512;S
20240119;101732;193.100000000;960;9445451513;S
20240119;101732;193.100000000;10;9445451514;S
20240119;101732;193.100000000;130;9445451515;S
20240119;101733;193.100000000;10;9445451584;S
20240119;101739;193.140000000;30;9445453553;B
20240119;101740;193.190000000;10;9445453686;B
20240119;101748;193.180000000;100;9445455295;S
20240119;101748;193.180000000;10;9445455296;S
20240119;101755;193.200000000;10;9445456580;B
20240119;101757;193.200000000;10;9445456697;B
20240119;101757;193.150000000;70;9445456797;S
20240119;101757;193.130000000;500;9445456798;S
20240119;101757;193.130000000;30;9445456799;S
20240119;101757;193.110000000;700;9445456800;S
20240119;101757;193.100000000;2360;9445456801;S
20240119;101757;193.060000000;300;9445456802;S
20240119;101757;193.060000000;1550;9445456803;S
20240119;101757;193.030000000;100;9445456804;S
20240119;101757;193.030000000;190;9445456805;S
20240119;101757;193.030000000;2800;9445456806;S
20240119;101757;193.020000000;10;9445456807;S
20240119;101757;193.020000000;700;9445456808;S
20240119;101757;193.010000000;10;9445456809;S
20240119;101757;193.010000000;10;9445456810;S
20240119;101757;193.010000000;10;9445456811;S
20240119;101757;193.010000000;10;9445456812;S
20240119;101757;193.010000000;1000;9445456813;S
20240119;101757;193.000000000;200;9445456814;S
20240119;101757;193.000000000;10;9445456815;S
20240119;101757;193.000000000;10;9445456816;S
20240119;101757;193.000000000;20;9445456817;S
20240119;101757;193.130000000;100;9445456818;B
20240119;101758;193.130000000;50;9445456922;B
20240119;101758;193.020000000;420;9445456923;S
20240119;101758;193.010000000;500;9445456924;S
20240119;101758;193.000000000;40;9445456925;S
20240119;101758;193.000000000;10;9445456926;S
20240119;101758;193.000000000;150;9445456927;S
20240119;101758;193.000000000;10;9445456928;S
20240119;101758;193.000000000;70;9445456929;S
20240119;101758;193.000000000;10;9445456930;S
20240119;101758;193.000000000;40;9445456931;S
20240119;101758;193.000000000;10;9445456954;S
20240119;101758;193.000000000;10;9445456955;S
20240119;101758;193.000000000;10;9445456956;S
20240119;101758;193.000000000;120;9445456957;S
20240119;101758;193.000000000;450;9445456958;S
20240119;101758;193.000000000;10;9445456965;S
20240119;101758;193.000000000;10;9445456976;S
20240119;101758;193.000000000;150;9445456978;S
20240119;101801;193.130000000;10;9445457782;B
20240119;101802;193.130000000;30;9445458022;B
20240119;101802;193.140000000;30;9445458023;B
20240119;101802;193.140000000;60;9445458041;B
20240119;101802;193.140000000;50;9445458048;B
20240119;101805;193.140000000;80;9445458453;B
20240119;101805;193.140000000;10;9445458454;B
20240119;101805;193.150000000;10;9445458455;B
20240119;101805;193.040000000;70;9445458460;S
20240119;101808;193.050000000;10;9445458976;S
20240119;101808;193.050000000;520;9445458977;S
20240119;101808;193.040000000;30;9445458978;S
20240119;101808;193.040000000;500;9445458979;S
20240119;101808;193.030000000;10;9445458980;S
20240119;101808;193.020000000;540;9445458981;S
20240119;101808;193.010000000;190;9445458982;S
20240119;101808;193.000000000;4380;9445458983;S
20240119;101808;193.000000000;1000;9445458984;S
20240119;101808;193.000000000;10;9445458985;S
20240119;101808;193.000000000;100;9445458986;S
20240119;101808;193.000000000;10;9445458987;S
20240119;101808;193.000000000;10;9445458988;S
20240119;101808;193.000000000;20;9445458989;S
20240119;101808;193.000000000;40;9445458990;S
20240119;101808;193.000000000;4430;9445458991;S
20240119;101808;193.000000000;100;9445458992;S
20240119;101808;193.000000000;100;9445458993;S
20240119;101808;193.000000000;20;9445458994;S
20240119;101812;193.070000000;80;9445459837;S
20240119;101812;193.070000000;30;9445459838;S
20240119;101812;193.060000000;110;9445459839;S
20240119;101815;193.040000000;30;9445460513;S
20240119;101815;193.030000000;80;9445460514;S
20240119;101819;193.100000000;10;9445461106;B
20240119;101819;193.110000000;190;9445461107;B
20240119;101819;193.120000000;30;9445461108;B
20240119;101819;193.120000000;190;9445461109;B
20240119;101819;193.160000000;80;9445461110;B
20240119;101819;193.160000000;20;9445461111;B
20240119;101819;193.170000000;1860;9445461112;B
20240119;101819;193.180000000;900;9445461113;B
20240119;101819;193.180000000;1000;9445461114;B
20240119;101819;193.200000000;170;9445461115;B
20240119;101819;193.200000000;100;9445461116;B
20240119;101819;193.240000000;1860;9445461117;B
20240119;101819;193.260000000;1550;9445461118;B
20240119;101819;193.270000000;200;9445461119;B
20240119;101819;193.280000000;500;9445461120;B
20240119;101819;193.320000000;10;9445461121;B
20240119;101819;193.360000000;20;9445461122;B
20240119;101819;193.370000000;520;9445461123;B
20240119;101819;193.380000000;4200;9445461124;B
20240119;101819;193.380000000;5000;9445461125;B
20240119;101819;193.400000000;40;9445461126;B
20240119;101819;193.490000000;870;9445461127;B
20240119;101819;193.500000000;5000;9445461128;B
20240119;101819;193.500000000;5000;9445461129;B
20240119;101819;193.510000000;680;9445461130;B
20240119;101819;193.500000000;10;9445461137;B
20240119;101824;193.500000000;20;9445462430;B
20240119;101824;193.510000000;870;9445462431;B
20240119;101833;193.500000000;10;9445463730;S
20240119;101833;193.470000000;20;9445463731;S
20240119;101833;193.470000000;30;9445463732;S
20240119;101833;193.470000000;200;9445463733;S
20240119;101833;193.460000000;430;9445463734;S
20240119;101833;193.460000000;310;9445463735;S
20240119;101841;193.510000000;30;9445464817;S
20240119;101841;193.500000000;220;9445464818;S
20240119;101841;193.490000000;450;9445464819;S
20240119;101848;193.560000000;10;9445465591;S
20240119;101848;193.510000000;10;9445465592;S
20240119;101848;193.500000000;30;9445465593;S
20240119;101848;193.490000000;110;9445465594;S
20240119;101848;193.480000000;190;9445465595;S
20240119;101848;193.480000000;2650;9445465596;S
20240119;101851;193.490000000;1000;9445466092;S
20240119;101851;193.480000000;40;9445466093;S
20240119;101851;193.470000000;50;9445466094;S
20240119;101851;193.460000000;1410;9445466095;S
20240119;101851;193.530000000;20;9445466199;B
20240119;101902;193.480000000;30;9445467417;S
20240119;101902;193.480000000;10;9445467418;S
20240119;101902;193.470000000;40;9445467419;S
20240119;101902;193.460000000;220;9445467420;S
20240119;101905;193.470000000;30;9445467864;S
20240119;101905;193.460000000;270;9445467865;S
20240119;101906;193.460000000;3100;9445468123;S
20240119;101906;193.440000000;40;9445468124;S
20240119;101906;193.350000000;300;9445468125;S
20240119;101909;193.410000000;190;9445468462;B
20240119;101909;193.420000000;40;9445468463;B
20240119;101909;193.440000000;210;9445468464;B
20240119;101909;193.490000000;30;9445468465;S
20240119;101909;193.490000000;2030;9445468466;S
20240119;101926;193.310000000;240;9445471123;S
20240119;101929;193.370000000;10;9445471623;B
20240119;101929;193.370000000;10;9445471624;B
20240119;101929;193.370000000;10;9445471625;B
20240119;101929;193.370000000;10;9445471626;B
20240119;101929;193.370000000;190;9445471627;B
20240119;101929;193.380000000;800;9445471628;B
20240119;101929;193.380000000;10;9445471629;B
20240119;101929;193.380000000;50;9445471630;B
20240119;101929;193.390000000;280;9445471631;B
20240119;101929;193.460000000;500;9445471632;B
20240119;101929;193.460000000;1550;9445471633;B
20240119;101929;193.500000000;80;9445471634;B
20240119;101941;193.390000000;10;9445472863;S
20240119;101955;193.390000000;60;9445474394;S
20240119;101955;193.380000000;940;9445474395;S
20240119;101959;193.390000000;50;9445474925;S
20240119;101959;193.380000000;3760;9445474926;S
20240119;101959;193.380000000;60;9445474927;S
20240119;102001;193.300000000;200;9445475432;S
20240119;102001;193.290000000;60;9445475433;S
20240119;102001;193.270000000;190;9445475434;S
20240119;102001;193.270000000;80;9445475435;S
20240119;102001;193.260000000;500;9445475436;S
20240119;102001;193.240000000;90;9445475437;S
20240119;102001;193.170000000;80;9445475438;S
20240119;102001;193.160000000;1600;9445475439;S
20240119;102001;193.160000000;1620;9445475440;S
20240119;102001;193.150000000;1740;9445475441;S
20240119;102001;193.140000000;10;9445475442;S
20240119;102001;193.130000000;1550;9445475443;S
20240119;102001;193.050000000;100;9445475444;S
20240119;102001;193.040000000;50;9445475445;S
20240119;102001;193.040000000;500;9445475446;S
20240119;102001;193.030000000;50;9445475447;S
20240119;102001;193.030000000;1580;9445475448;S
20240119;102002;193.030000000;10;9445475504;S
20240119;102002;193.180000000;10;9445475511;B
20240119;102015;193.090000000;150;9445477057;S
20240119;102015;193.090000000;60;9445477058;S
20240119;102015;193.070000000;400;9445477059;S
20240119;102015;193.060000000;10;9445477060;S
20240119;102015;193.060000000;90;9445477061;S
20240119;102015;193.050000000;280;9445477062;S
20240119;102016;193.130000000;20;9445477146;B
20240119;102016;193.070000000;200;9445477180;B
20240119;102019;193.030000000;60;9445477538;S
20240119;102019;193.030000000;60;9445477539;S
20240119;102019;193.030000000;80;9445477540;B
20240119;102020;193.110000000;10;9445477914;B
20240119;102027;193.080000000;50;9445478964;S
20240119;102027;193.080000000;100;9445478965;S
20240119;102027;193.070000000;500;9445478966;S
20240119;102027;193.020000000;50;9445478967;S
20240119;102027;193.020000000;520;9445478968;S
20240119;102027;193.010000000;1000;9445478969;S
20240119;102027;193.010000000;50;9445478970;S
20240119;102027;193.010000000;10;9445478971;S
20240119;102027;193.000000000;80;9445478972;S
20240119;102027;193.000000000;1000;9445478973;S
20240119;102027;193.000000000;100;9445478974;S
20240119;102027;193.000000000;10;9445478975;S
20240119;102027;193.000000000;110;9445478976;S
20240119;102027;193.000000000;300;9445478977;S
20240119;102027;193.000000000;660;9445478978;S
20240119;102027;193.000000000;10;9445478979;S
20240119;102027;193.000000000;360;9445478980;S
20240119;102035;193.060000000;20;9445480365;S
20240119;102036;193.050000000;130;9445480519;S
20240119;102039;193.060000000;50;9445480874;S
20240119;102039;193.040000000;320;9445480875;S
20240119;102039;193.040000000;460;9445480885;S
20240119;102039;193.030000000;50;9445480886;S
20240119;102039;193.010000000;370;9445480887;S
20240119;102043;193.010000000;10;9445481254;S
20240119;102048;193.080000000;10;9445481868;B
20240119;102059;193.080000000;10;9445483163;B
20240119;102102;193.080000000;490;9445483710;B
20240119;102102;193.080000000;190;9445483711;B
20240119;102102;193.110000000;50;9445483712;B
20240119;102102;193.110000000;270;9445483713;B
20240119;102102;193.140000000;50;9445483714;B
20240119;102102;193.140000000;50;9445483715;B
20240119;102102;193.150000000;2300;9445483716;B
20240119;102102;193.200000000;50;9445483717;B
20240119;102102;193.200000000;50;9445483718;B
20240119;102102;193.230000000;1550;9445483719;B
20240119;102102;193.240000000;80;9445483720;B
20240119;102102;193.240000000;200;9445483721;B
20240119;102102;193.250000000;500;9445483722;B
20240119;102102;193.300000000;10;9445483724;S
20240119;102102;193.300000000;10;9445483725;S
20240119;102102;193.360000000;400;9445483735;B
20240119;102102;193.370000000;50;9445483736;B
20240119;102102;193.380000000;50;9445483737;B
20240119;102102;193.300000000;370;9445483740;S
20240119;102102;193.300000000;370;9445483741;S
20240119;102102;193.300000000;370;9445483742;S
20240119;102102;193.300000000;10;9445483743;S
20240119;102105;193.300000000;100;9445484015;S
20240119;102110;193.310000000;10;9445484750;S
20240119;102115;193.310000000;20;9445485341;S
20240119;102116;193.410000000;10;9445485545;B
20240119;102116;193.310000000;160;9445485558;S
20240119;102116;193.310000000;50;9445485559;S
20240119;102116;193.300000000;180;9445485560;S
20240119;102137;193.300000000;120;9445487652;S
20240119;102144;193.300000000;100;9445488321;S
20240119;102144;193.360000000;50;9445488327;B
20240119;102144;193.370000000;50;9445488328;B
20240119;102151;193.360000000;10;9445488957;B
20240119;102204;193.340000000;30;9445490226;B
20240119;102204;193.300000000;3770;9445490228;S
20240119;102207;193.340000000;30;9445490550;B
20240119;102215;193.300000000;50;9445491359;S
20240119;102216;193.300000000;50;9445491464;S
20240119;102217;193.300000000;70;9445491523;S
20240119;102221;193.340000000;20;9445491954;B
20240119;102224;193.350000000;10;9445492272;B
20240119;102235;193.310000000;10;9445493357;S
20240119;102235;193.310000000;990;9445493449;S
20240119;102235;193.300000000;8980;9445493450;S
20240119;102235;193.300000000;40;9445493451;S
20240119;102236;193.340000000;50;9445493665;B
20240119;102246;193.310000000;10;9445494522;S
20240119;102246;193.300000000;1310;9445494523;S
20240119;102246;193.300000000;1310;9445494524;S
20240119;102246;193.300000000;1310;9445494525;S
20240119;102246;193.300000000;1310;9445494526;S
20240119;102246;193.300000000;1310;9445494527;S
20240119;102246;193.300000000;1310;9445494528;S
20240119;102246;193.300000000;1310;9445494529;S
20240119;102246;193.300000000;1310;9445494530;S
20240119;102246;193.300000000;1310;9445494531;S
20240119;102246;193.300000000;1310;9445494532;S
20240119;102246;193.300000000;1310;9445494533;S
20240119;102246;193.300000000;1310;9445494534;S
20240119;102246;193.300000000;1550;9445494535;S
20240119;102246;193.300000000;1550;9445494536;S
20240119;102246;193.300000000;1550;9445494537;S
20240119;102246;193.300000000;240;9445494538;S
20240119;102246;193.300000000;240;9445494539;S
20240119;102246;193.300000000;240;9445494540;S
20240119;102246;193.300000000;480;9445494541;S
20240119;102246;193.300000000;480;9445494542;S
20240119;102246;193.300000000;480;9445494543;S
20240119;102246;193.300000000;480;9445494544;S
20240119;102246;193.300000000;480;9445494545;S
20240119;102246;193.300000000;480;9445494546;S
20240119;102246;193.300000000;720;9445494547;S
20240119;102246;193.300000000;720;9445494548;S
20240119;102246;193.300000000;720;9445494549;S
20240119;102246;193.300000000;960;9445494550;S
20240119;102246;193.300000000;960;9445494551;S
20240119;102246;193.300000000;960;9445494552;S
20240119;102246;193.300000000;1200;9445494553;S
20240119;102246;193.300000000;1200;9445494554;S
20240119;102246;193.300000000;1200;9445494555;S
20240119;102246;193.300000000;1200;9445494556;S
20240119;102246;193.300000000;1200;9445494557;S
20240119;102246;193.300000000;1200;9445494558;S
20240119;102246;193.300000000;430;9445494559;S
20240119;102246;193.300000000;1200;9445494560;S
20240119;102246;193.300000000;400;9445494561;S
20240119;102246;193.300000000;130;9445494562;S
20240119;102246;193.300000000;130;9445494563;S
20240119;102246;193.300000000;370;9445494564;S
20240119;102246;193.300000000;370;9445494565;S
20240119;102246;193.300000000;370;9445494566;S
20240119;102246;193.300000000;370;9445494567;S
20240119;102246;193.300000000;370;9445494568;S
20240119;102246;193.300000000;370;9445494569;S
20240119;102246;193.300000000;370;9445494570;S
20240119;102246;193.300000000;370;9445494571;S
20240119;102246;193.300000000;610;9445494572;S
20240119;102246;193.300000000;610;9445494573;S
20240119;102246;193.300000000;850;9445494574;S
20240119;102246;193.300000000;850;9445494575;S
20240119;102246;193.300000000;1090;9445494577;S
20240119;102246;193.300000000;1090;9445494578;S
20240119;102246;193.300000000;850;9445494579;S
20240119;102246;193.300000000;850;9445494580;S
20240119;102246;193.300000000;550;9445494581;S
20240119;102246;193.300000000;610;9445494582;S
20240119;102246;193.300000000;370;9445494583;S
20240119;102246;193.300000000;480;9445494584;S
20240119;102246;193.300000000;590;9445494585;S
20240119;102246;193.300000000;590;9445494586;S
20240119;102246;193.300000000;700;9445494587;S
20240119;102246;193.300000000;570;9445494588;S
20240119;102246;193.300000000;200;9445494589;S
20240119;102246;193.300000000;550;9445494590;S
20240119;102246;193.300000000;50;9445494591;S
20240119;102246;193.300000000;400;9445494592;S
20240119;102246;193.300000000;10;9445494593;S
20240119;102246;193.300000000;450;9445494594;S
20240119;102246;193.300000000;80;9445494595;S
20240119;102246;193.300000000;520;9445494596;S
20240119;102246;193.300000000;150;9445494597;S
20240119;102246;193.300000000;480;9445494598;S
20240119;102246;193.300000000;330;9445494599;S
20240119;102246;193.300000000;1250;9445494600;S
20240119;102246;193.300000000;550;9445494601;S
20240119;102246;193.300000000;1120;9445494602;S
20240119;102246;193.300000000;640;9445494603;S
20240119;102246;193.300000000;50;9445494604;S
20240119;102246;193.300000000;1010;9445494605;S
20240119;102246;193.300000000;1010;9445494606;S
20240119;102246;193.300000000;1090;9445494607;S
20240119;102246;193.300000000;540;9445494609;S
20240119;102246;193.300000000;490;9445494610;S
20240119;102246;193.300000000;490;9445494611;S
20240119;102246;193.300000000;490;9445494612;S
20240119;102246;193.300000000;90;9445494613;S
20240119;102246;193.300000000;80;9445494614;S
20240119;102246;193.300000000;1100;9445494615;S
20240119;102246;193.300000000;580;9445494616;S
20240119;102246;193.300000000;580;9445494617;S
20240119;102246;193.300000000;430;9445494618;S
20240119;102246;193.300000000;710;9445494619;S
20240119;102246;193.300000000;660;9445494620;S
20240119;102246;193.300000000;190;9445494621;S
20240119;102246;193.300000000;190;9445494622;S
20240119;102246;193.300000000;110;9445494623;S
20240119;102246;193.300000000;190;9445494624;S
20240119;102246;193.300000000;190;9445494625;S
20240119;102246;193.300000000;100;9445494626;S
20240119;102246;193.300000000;20;9445494627;S
20240119;102246;193.300000000;20;9445494628;S
20240119;102246;193.300000000;20;9445494629;S
20240119;102246;193.300000000;20;9445494630;S
20240119;102246;193.300000000;470;9445494631;S
20240119;102246;193.300000000;430;9445494632;S
20240119;102246;193.300000000;430;9445494633;S
20240119;102246;193.300000000;610;9445494634;S
20240119;102246;193.300000000;420;9445494635;S
20240119;102246;193.300000000;420;9445494636;S
20240119;102246;193.300000000;420;9445494637;S
20240119;102246;193.300000000;420;9445494638;S
20240119;102246;193.300000000;230;9445494639;S
20240119;102246;193.300000000;230;9445494640;S
20240119;102246;193.300000000;230;9445494641;S
20240119;102246;193.300000000;120;9445494642;S
20240119;102246;193.300000000;1290;9445494643;S
20240119;102246;193.300000000;1190;9445494653;S
20240119;102246;193.300000000;1190;9445494654;S
20240119;102246;193.300000000;1170;9445494655;S
20240119;102246;193.300000000;1150;9445494656;S
20240119;102246;193.300000000;1130;9445494657;S
20240119;102246;193.300000000;560;9445494658;S
20240119;102246;193.300000000;140;9445494676;S
20240119;102246;193.300000000;160;9445494684;S
20240119;102246;193.300000000;20;9445494690;S
20240119;102247;193.300000000;10;9445494728;S
20240119;102247;193.300000000;10;9445494748;S
20240119;102248;193.300000000;10;9445494814;S
20240119;102248;193.300000000;120;9445494839;S
20240119;102248;193.300000000;500;9445494867;S
20240119;102248;193.300000000;40;9445494868;S
20240119;102248;193.300000000;10;9445494869;S
20240119;102249;193.300000000;20;9445494943;S
20240119;102250;193.300000000;10;9445494988;S
20240119;102250;193.300000000;10;9445494993;S
20240119;102253;193.300000000;20;9445495178;S
20240119;102253;193.300000000;30;9445495187;S
20240119;102253;193.300000000;10;9445495278;S
20240119;102253;193.300000000;10;9445495279;S
20240119;102255;193.300000000;20;9445495456;S
20240119;102255;193.300000000;40;9445495457;S
20240119;102255;193.300000000;10;9445495458;S
20240119;102255;193.300000000;200;9445495471;S
20240119;102255;193.300000000;510;9445495472;S
20240119;102257;193.300000000;520;9445495571;S
20240119;102301;193.300000000;40;9445495993;S
20240119;102303;193.300000000;410;9445496204;S
20240119;102303;193.300000000;10;9445496205;S
20240119;102304;193.300000000;60;9445496303;S
20240119;102304;193.300000000;10;9445496304;S
20240119;102304;193.300000000;20;9445496305;S
20240119;102306;193.300000000;570;9445496530;S
20240119;102307;193.300000000;90;9445496635;S
20240119;102307;193.300000000;20;9445496636;S
20240119;102308;193.300000000;10;9445496712;S
20240119;102308;193.300000000;50;9445496740;S
20240119;102308;193.300000000;10;9445496762;S
20240119;102309;193.300000000;110;9445496826;S
20240119;102310;193.300000000;270;9445496949;S
20240119;102315;193.300000000;330;9445497491;S
20240119;102315;193.300000000;60;9445497498;S
20240119;102315;193.300000000;450;9445497499;S
20240119;102315;193.300000000;30;9445497502;S
20240119;102315;193.300000000;30;9445497503;S
20240119;102318;193.300000000;460;9445497781;S
20240119;102318;193.300000000;20;9445497782;S
20240119;102318;193.300000000;200;9445497809;S
20240119;102318;193.300000000;10;9445497849;S
20240119;102318;193.300000000;40;9445497850;S
20240119;102321;193.300000000;10;9445498109;S
20240119;102321;193.300000000;70;9445498110;S
20240119;102321;193.300000000;170;9445498116;S
20240119;102321;193.300000000;10;9445498118;S
20240119;102321;193.300000000;30;9445498120;S
20240119;102322;193.300000000;20;9445498360;S
20240119;102322;193.300000000;20;9445498361;S
20240119;102322;193.300000000;20;9445498362;S
20240119;102322;193.300000000;20;9445498363;S
20240119;102322;193.300000000;20;9445498367;S
20240119;102322;193.300000000;110;9445498368;S
20240119;102322;193.300000000;200;9445498369;S
20240119;102324;193.300000000;40;9445498662;S
20240119;102325;193.300000000;310;9445498831;S
20240119;102325;193.300000000;160;9445498832;S
20240119;102325;193.300000000;10;9445498834;S
20240119;102325;193.300000000;10;9445498835;S
20240119;102326;193.300000000;150;9445498882;S
20240119;102326;193.300000000;50;9445498899;S
20240119;102327;193.300000000;190;9445499087;S
20240119;102327;193.300000000;10;9445499088;S
20240119;102327;193.300000000;10;9445499095;S
20240119;102329;193.300000000;220;9445499179;S
20240119;102329;193.300000000;110;9445499180;S
20240119;102329;193.300000000;1550;9445499181;S
20240119;102329;193.300000000;110;9445499182;S
20240119;102329;193.300000000;100;9445499218;S
20240119;102329;193.300000000;10;9445499219;S
20240119;102329;193.310000000;10;9445499237;B
20240119;102329;193.300000000;210;9445499245;S
20240119;102330;193.300000000;20;9445499289;S
20240119;102330;193.300000000;990;9445499357;S
20240119;102330;193.300000000;990;9445499358;S
20240119;102330;193.300000000;500;9445499359;S
20240119;102330;193.300000000;1550;9445499360;S
20240119;102330;193.300000000;560;9445499361;S
20240119;102330;193.300000000;560;9445499362;S
20240119;102330;193.300000000;560;9445499363;S
20240119;102330;193.300000000;60;9445499364;S
20240119;102330;193.300000000;60;9445499365;S
20240119;102330;193.300000000;500;9445499366;S
20240119;102331;193.300000000;140;9445499393;S
20240119;102332;193.300000000;100;9445499539;S
20240119;102332;193.300000000;20;9445499540;S
20240119;102332;193.300000000;10;9445499541;S
20240119;102333;193.300000000;30;9445499660;S
20240119;102333;193.300000000;10;9445499735;S
20240119;102335;193.300000000;190;9445499969;S
20240119;102335;193.300000000;10;9445499970;S
20240119;102335;193.300000000;10;9445499995;S
20240119;102335;193.300000000;10;9445499996;S
20240119;102335;193.300000000;60;9445499997;S
20240119;102336;193.310000000;20;9445500026;B
20240119;102336;193.300000000;60;9445500083;S
20240119;102336;193.300000000;10;9445500084;S
20240119;102340;193.300000000;200;9445500414;S
20240119;102340;193.300000000;200;9445500415;S
20240119;102340;193.300000000;200;9445500416;S
20240119;102340;193.300000000;200;9445500417;S
20240119;102340;193.300000000;140;9445500418;S
20240119;102340;193.300000000;100;9445500419;S
20240119;102340;193.300000000;120;9445500563;S
20240119;102340;193.300000000;20;9445500564;S
20240119;102342;193.300000000;90;9445500693;S
20240119;102342;193.300000000;10;9445500694;S
20240119;102342;193.300000000;10;9445500735;S
20240119;102344;193.300000000;10;9445500875;S
20240119;102344;193.300000000;10;9445500876;S
20240119;102344;193.300000000;60;9445500877;S
20240119;102346;193.300000000;30;9445501001;S
20240119;102346;193.300000000;40;9445501002;S
20240119;102348;193.300000000;310;9445501284;S
20240119;102348;193.300000000;50;9445501285;S
20240119;102348;193.300000000;230;9445501286;S
20240119;102349;193.300000000;210;9445501391;S
20240119;102349;193.300000000;80;9445501392;S
20240119;102350;193.300000000;60;9445501453;S
20240119;102350;193.300000000;20;9445501454;S
20240119;102351;193.300000000;80;9445501575;S
20240119;102351;193.300000000;10;9445501576;S
20240119;102352;193.300000000;130;9445501728;S
20240119;102353;193.300000000;220;9445501805;S
20240119;102355;193.300000000;160;9445502042;S
20240119;102355;193.300000000;20;9445502043;S
20240119;102356;193.300000000;280;9445502141;S
20240119;102357;193.300000000;80;9445502187;S
20240119;102357;193.300000000;20;9445502234;S
20240119;102357;193.300000000;10;9445502235;S
20240119;102357;193.300000000;10;9445502236;S
20240119;102358;193.300000000;120;9445502442;S
20240119;102358;193.300000000;10;9445502443;S
20240119;102359;193.300000000;500;9445502587;S
20240119;102359;193.300000000;40;9445502588;S
20240119;102359;193.300000000;70;9445502589;S
20240119;102400;193.300000000;20;9445502737;S
20240119;102400;193.300000000;50;9445502738;S
20240119;102400;193.300000000;210;9445502739;S
20240119;102401;193.300000000;180;9445502871;S
20240119;102401;193.300000000;10;9445502872;S
20240119;102401;193.300000000;60;9445502876;S
20240119;102402;193.300000000;70;9445503209;S
20240119;102402;193.300000000;10;9445503212;S
20240119;102403;193.300000000;190;9445503302;S
20240119;102403;193.300000000;30;9445503303;S
20240119;102403;193.300000000;240;9445503304;S
20240119;102403;193.300000000;10;9445503348;S
20240119;102404;193.300000000;60;9445503461;S
20240119;102406;193.310000000;10;9445503772;B
20240119;102406;193.300000000;110;9445503773;S
20240119;102406;193.300000000;30;9445503775;S
20240119;102406;193.300000000;10;9445503791;S
20240119;102407;193.300000000;10;9445503809;S
20240119;102409;193.300000000;10;9445504084;S
20240119;102409;193.300000000;1040;9445504085;S
20240119;102409;193.300000000;50;9445504086;S
20240119;102410;193.300000000;310;9445504141;S
20240119;102410;193.300000000;210;9445504150;S
20240119;102410;193.300000000;10;9445504183;S
20240119;102411;193.300000000;220;9445504349;S
20240119;102412;193.300000000;50;9445504480;S
20240119;102413;193.310000000;820;9445504627;B
20240119;102416;193.300000000;10;9445504946;S
20240119;102416;193.300000000;150;9445504947;S
20240119;102418;193.300000000;10;9445505104;S
20240119;102418;193.300000000;100;9445505105;S
20240119;102422;193.310000000;20;9445505617;B
20240119;102422;193.300000000;300;9445505618;S
20240119;102422;193.300000000;360;9445505619;S
20240119;102423;193.300000000;220;9445505705;S
20240119;102424;193.300000000;70;9445505782;S
20240119;102424;193.300000000;130;9445505794;S
20240119;102425;193.300000000;110;9445505952;S
20240119;102428;193.300000000;410;9445506305;S
20240119;102429;193.310000000;40;9445506314;B
20240119;102429;193.300000000;10;9445506369;S
20240119;102429;193.300000000;110;9445506370;S
20240119;102430;193.300000000;440;9445506509;S
20240119;102430;193.300000000;100;9445506510;S
20240119;102431;193.300000000;30;9445506603;S
20240119;102431;193.300000000;60;9445506604;S
20240119;102432;193.300000000;460;9445506667;S
20240119;102432;193.300000000;260;9445506668;S
20240119;102434;193.300000000;40;9445506787;S
20240119;102435;193.300000000;200;9445507001;S
20240119;102436;193.310000000;10;9445507034;B
20240119;102436;193.300000000;10;9445507035;S
20240119;102437;193.300000000;50;9445507166;S
20240119;102438;193.300000000;390;9445507358;S
20240119;102439;193.300000000;40;9445507443;S
20240119;102439;193.300000000;70;9445507480;S
20240119;102439;193.300000000;20;9445507481;S
20240119;102440;193.300000000;10;9445507623;S
20240119;102440;193.300000000;330;9445507624;S
20240119;102440;193.300000000;10;9445507626;S
20240119;102442;193.300000000;10;9445507783;S
20240119;102442;193.300000000;180;9445507798;S
20240119;102442;193.310000000;100;9445507817;B
20240119;102443;193.300000000;70;9445507843;S
20240119;102445;193.300000000;120;9445508058;S
20240119;102450;193.300000000;130;9445509189;S
20240119;102451;193.300000000;260;9445509363;S
20240119;102451;193.300000000;70;9445509369;S
20240119;102451;193.300000000;20;9445509370;S
20240119;102452;193.300000000;110;9445509461;S
20240119;102452;193.300000000;50;9445509517;S
20240119;102456;193.300000000;20;9445509961;S
20240119;102500;193.300000000;10;9445510318;S
20240119;102501;193.300000000;20;9445510393;S
20240119;102501;193.300000000;100;9445510394;S
20240119;102502;193.300000000;40;9445510499;S
20240119;102503;193.300000000;110;9445510556;S
20240119;102505;193.300000000;90;9445510672;S
20240119;102505;193.300000000;90;9445510695;S
20240119;102505;193.300000000;10;9445510696;S
20240119;102505;193.300000000;40;9445510732;S
20240119;102505;193.300000000;80;9445510854;S
20240119;102507;193.300000000;100;9445511071;S
20240119;102508;193.300000000;10;9445511147;S
20240119;102509;193.300000000;10;9445511214;S
20240119;102509;193.310000000;500;9445511370;B
20240119;102510;193.300000000;100;9445511422;S
20240119;102510;193.300000000;60;9445511431;S
20240119;102510;193.300000000;140;9445511525;S
20240119;102510;193.300000000;200;9445511544;S
20240119;102511;193.300000000;10;9445511577;S
20240119;102511;193.300000000;40;9445511625;S
20240119;102512;193.300000000;20;9445511684;S
20240119;102513;193.300000000;20;9445511807;S
20240119;102513;193.300000000;40;9445511808;S
20240119;102514;193.300000000;10;9445511923;S
20240119;102517;193.300000000;60;9445512159;S
20240119;102517;193.300000000;30;9445512191;S
20240119;102517;193.300000000;150;9445512237;S
20240119;102521;193.300000000;20;9445512527;S
20240119;102521;193.300000000;220;9445512528;S
20240119;102522;193.300000000;100;9445512646;S
20240119;102522;193.300000000;10;9445512660;S
20240119;102524;193.300000000;10;9445512817;S
20240119;102524;193.300000000;250;9445512818;S
20240119;102524;193.300000000;10;9445512840;S
20240119;102526;193.300000000;10;9445513120;S
20240119;102526;193.300000000;30;9445513142;S
20240119;102528;193.300000000;40;9445513387;S
20240119;102529;193.300000000;30;9445513471;S
20240119;102529;193.300000000;30;9445513498;S
20240119;102530;193.310000000;10;9445513628;B
20240119;102532;193.300000000;50;9445513834;S
20240119;102532;193.300000000;10;9445513843;S
20240119;102533;193.310000000;10;9445514000;B
20240119;102533;193.300000000;60;9445514001;S
20240119;102533;193.300000000;130;9445514005;S
20240119;102534;193.300000000;70;9445514014;S
20240119;102534;193.300000000;150;9445514016;S
20240119;102534;193.310000000;20;9445514079;B
20240119;102534;193.300000000;10;9445514087;S
20240119;102534;193.300000000;250;9445514090;S
20240119;102535;193.300000000;10;9445514166;S
20240119;102535;193.300000000;10;9445514194;S
20240119;102536;193.300000000;40;9445514308;S
20240119;102536;193.300000000;10;9445514309;S
20240119;102536;193.300000000;10;9445514313;S
20240119;102537;193.300000000;60;9445514400;S
20240119;102537;193.300000000;10;9445514410;S
20240119;102537;193.300000000;10;9445514455;S
20240119;102537;193.300000000;20;9445514456;S
20240119;102538;193.300000000;80;9445514518;S
20240119;102538;193.300000000;20;9445514519;S
20240119;102538;193.300000000;60;9445514538;S
20240119;102539;193.300000000;40;9445514627;S
20240119;102539;193.300000000;10;9445514630;S
20240119;102540;193.300000000;60;9445514683;S
20240119;102540;193.300000000;150;9445514687;S
20240119;102540;193.300000000;130;9445514715;S
20240119;102540;193.300000000;150;9445514752;S
20240119;102541;193.300000000;70;9445514787;S
20240119;102541;193.300000000;220;9445514801;S
20240119;102541;193.310000000;10;9445514825;B
20240119;102542;193.300000000;10;9445514872;S
20240119;102545;193.300000000;10;9445515225;S
20240119;102546;193.300000000;10;9445515271;S
20240119;102547;193.300000000;80;9445515459;S
20240119;102547;193.300000000;10;9445515467;S
20240119;102547;193.300000000;10;9445515473;S
20240119;102547;193.300000000;310;9445515502;S
20240119;102547;193.300000000;10;9445515517;S
20240119;102547;193.300000000;10;9445515518;S
20240119;102548;193.300000000;10;9445515585;S
20240119;102548;193.300000000;170;9445515586;S
20240119;102548;193.300000000;200;9445515587;S
20240119;102548;193.300000000;20;9445515591;S
20240119;102548;193.300000000;10;9445515592;S
20240119;102548;193.300000000;80;9445515612;S
20240119;102548;193.300000000;10;9445515613;S
20240119;102549;193.300000000;10;9445515643;S
20240119;102549;193.300000000;190;9445515644;S
20240119;102549;193.300000000;30;9445515650;S
20240119;102550;193.300000000;10;9445515712;S
20240119;102550;193.300000000;230;9445515713;S
20240119;102552;193.300000000;220;9445515945;S
20240119;102552;193.300000000;90;9445515946;S
20240119;102552;193.300000000;100;9445515959;S
20240119;102552;193.300000000;10;9445515964;S
20240119;102552;193.300000000;10;9445515966;S
20240119;102552;193.300000000;110;9445515972;S
20240119;102553;193.300000000;10;9445516118;S
20240119;102554;193.300000000;10;9445516124;S
20240119;102554;193.300000000;10;9445516137;S
20240119;102554;193.300000000;10;9445516180;S
20240119;102554;193.300000000;10;9445516189;S
20240119;102555;193.300000000;10;9445516224;S
20240119;102557;193.300000000;40;9445516345;S
20240119;102557;193.300000000;10;9445516402;S
20240119;102558;193.300000000;40;9445516430;S
20240119;102559;193.300000000;70;9445516513;S
20240119;102559;193.300000000;280;9445516514;S
20240119;102559;193.300000000;10;9445516560;S
20240119;102600;193.300000000;120;9445516566;S
20240119;102600;193.300000000;10;9445516612;S
20240119;102600;193.300000000;90;9445516631;S
20240119;102601;193.300000000;20;9445516678;S
20240119;102601;193.300000000;60;9445516679;S
20240119;102602;193.300000000;20;9445516810;S
20240119;102602;193.300000000;10;9445516833;S
20240119;102602;193.300000000;10;9445516849;S
20240119;102603;193.300000000;190;9445516907;S
20240119;102604;193.300000000;10;9445517077;S
20240119;102605;193.300000000;40;9445517220;S
20240119;102605;193.300000000;180;9445517221;S
20240119;102607;193.310000000;100;9445517424;B
20240119;102607;193.300000000;110;9445517425;S
20240119;102607;193.300000000;10;9445517426;S
20240119;102607;193.310000000;310;9445517439;B
20240119;102607;193.310000000;80;9445517440;B
20240119;102607;193.300000000;10;9445517441;S
20240119;102610;193.300000000;40;9445517706;S
20240119;102610;193.300000000;10;9445517707;S
20240119;102610;193.300000000;560;9445517708;S
20240119;102612;193.300000000;270;9445517918;S
20240119;102612;193.300000000;10;9445517919;S
20240119;102612;193.300000000;10;9445517975;S
20240119;102612;193.300000000;10;9445517976;S
20240119;102612;193.300000000;170;9445517977;S
20240119;102613;193.300000000;190;9445518000;S
20240119;102615;193.300000000;10;9445518194;S
20240119;102615;193.300000000;260;9445518195;S
20240119;102615;193.300000000;10;9445518211;S
20240119;102615;193.300000000;50;9445518216;S
20240119;102615;193.300000000;10;9445518217;S
20240119;102615;193.300000000;10;9445518262;S
20240119;102616;193.310000000;20;9445518267;B
20240119;102616;193.300000000;60;9445518340;S
20240119;102616;193.300000000;10;9445518342;S
20240119;102616;193.300000000;10;9445518353;S
20240119;102618;193.300000000;20;9445518509;S
20240119;102618;193.300000000;160;9445518510;S
20240119;102618;193.300000000;50;9445518516;S
20240119;102620;193.310000000;100;9445518610;B
20240119;102620;193.310000000;140;9445518661;S
20240119;102620;193.300000000;520;9445518662;S
20240119;102620;193.300000000;520;9445518663;S
20240119;102620;193.300000000;10;9445518664;S
20240119;102620;193.300000000;140;9445518665;S
20240119;102620;193.300000000;140;9445518666;S
20240119;102620;193.300000000;10;9445518699;S
20240119;102621;193.300000000;1040;9445518710;S
20240119;102621;193.300000000;70;9445518734;S
20240119;102621;193.300000000;40;9445518765;S
20240119;102622;193.300000000;140;9445518922;S
20240119;102622;193.300000000;220;9445518923;S
20240119;102622;193.300000000;50;9445518924;S
20240119;102622;193.300000000;140;9445518925;S
20240119;102622;193.300000000;10;9445518960;S
20240119;102624;193.300000000;20;9445519142;S
20240119;102624;193.300000000;140;9445519165;S
20240119;102625;193.300000000;200;9445519236;S
20240119;102625;193.300000000;10;9445519237;S
20240119;102625;193.300000000;10;9445519248;S
20240119;102626;193.300000000;20;9445519474;S
20240119;102626;193.300000000;30;9445519475;S
20240119;102626;193.300000000;20;9445519480;S
20240119;102627;193.300000000;40;9445519490;S
20240119;102627;193.300000000;20;9445519502;S
20240119;102628;193.300000000;60;9445519590;S
20240119;102628;193.300000000;10;9445519591;S
20240119;102628;193.300000000;100;9445519609;S
20240119;102628;193.320000000;10;9445519662;B
20240119;102628;193.300000000;50;9445519693;S
20240119;102629;193.300000000;30;9445519712;S
20240119;102629;193.300000000;10;9445519746;S
20240119;102630;193.300000000;100;9445519830;S
20240119;102630;193.300000000;30;9445519894;S
20240119;102630;193.300000000;10;9445519895;S
20240119;102630;193.320000000;10;9445519929;B
20240119;102630;193.300000000;10;9445519930;S
20240119;102632;193.300000000;10;9445520135;S
20240119;102632;193.300000000;10;9445520146;S
20240119;102632;193.300000000;40;9445520161;S
20240119;102633;193.300000000;180;9445520202;S
20240119;102633;193.300000000;20;9445520257;S
20240119;102635;193.310000000;100;9445520441;B
20240119;102635;193.320000000;10;9445520442;B
20240119;102636;193.300000000;150;9445520527;S
20240119;102636;193.300000000;10;9445520528;S
20240119;102636;193.300000000;10;9445520553;S
20240119;102637;193.300000000;20;9445520618;S
20240119;102638;193.300000000;30;9445520687;S
20240119;102638;193.300000000;30;9445520688;S
20240119;102641;193.300000000;140;9445521000;S
20240119;102641;193.300000000;10;9445521001;S
20240119;102641;193.300000000;20;9445521037;S
20240119;102641;193.300000000;20;9445521038;S
20240119;102642;193.300000000;330;9445521132;S
20240119;102643;193.300000000;20;9445521188;S
20240119;102643;193.300000000;140;9445521189;S
20240119;102643;193.300000000;20;9445521205;S
20240119;102643;193.300000000;10;9445521206;S
20240119;102643;193.300000000;150;9445521207;S
20240119;102643;193.320000000;10;9445521403;B
20240119;102645;193.300000000;90;9445521479;S
20240119;102645;193.300000000;700;9445521541;S
20240119;102645;193.300000000;10;9445521542;S
20240119;102647;193.300000000;10;9445521691;S
20240119;102648;193.300000000;9880;9445521771;S
20240119;102648;193.230000000;10;9445521784;S
20240119;102702;193.230000000;90;9445523386;S
20240119;102702;193.190000000;10;9445523387;S
20240119;102702;193.180000000;80;9445523388;S
20240119;102702;193.170000000;80;9445523389;S
20240119;102702;193.150000000;90;9445523390;S
20240119;102703;193.160000000;10;9445523580;B
20240119;102704;193.180000000;100;9445523697;B
20240119;102708;193.180000000;10;9445524043;B
20240119;102710;193.180000000;50;9445524328;B
20240119;102717;193.150000000;70;9445525265;S
20240119;102724;193.150000000;50;9445526528;S
20240119;102729;193.150000000;400;9445527059;S
20240119;102730;193.160000000;10;9445527213;B
20240119;102731;193.160000000;10;9445527331;B
20240119;102732;193.160000000;180;9445527824;S
20240119;102733;193.160000000;20;9445528067;S
20240119;102733;193.160000000;10;9445528068;S
20240119;102733;193.150000000;110;9445528195;S
20240119;102737;193.170000000;10;9445528831;B
20240119;102738;193.160000000;100;9445529122;S
20240119;102740;193.170000000;90;9445529308;B
20240119;102740;193.170000000;90;9445529337;B
20240119;102740;193.170000000;10;9445529362;B
20240119;102740;193.180000000;80;9445529363;B
20240119;102744;193.170000000;200;9445530025;S
20240119;102744;193.170000000;80;9445530026;S
20240119;102746;193.160000000;1500;9445530350;S
20240119;102747;193.170000000;120;9445530554;B
20240119;102747;193.180000000;80;9445530555;B
20240119;102750;193.160000000;400;9445531098;S
20240119;102750;193.150000000;600;9445531099;S
20240119;102757;193.160000000;20;9445531909;B
20240119;102757;193.170000000;20;9445531911;B
20240119;102759;193.150000000;10;9445532247;S
20240119;102800;193.150000000;10;9445532379;S
20240119;102809;193.130000000;100;9445533311;S
20240119;102810;193.140000000;10;9445533393;B
20240119;102811;193.140000000;10;9445533502;B
20240119;102813;193.130000000;40;9445533675;S
20240119;102814;193.140000000;10;9445533953;B
20240119;102814;193.140000000;20;9445533954;B
20240119;102814;193.140000000;10;9445533955;B
20240119;102824;193.130000000;200;9445535077;S
20240119;102826;193.140000000;10;9445535269;B
20240119;102826;193.130000000;10;9445535304;S
20240119;102827;193.130000000;300;9445535405;S
20240119;102828;193.140000000;10;9445535450;S
20240119;102830;193.150000000;10;9445535699;B
20240119;102830;193.160000000;80;9445535700;B
20240119;102831;193.140000000;10;9445535806;S
20240119;102836;193.140000000;30;9445536848;S
20240119;102838;193.140000000;50;9445537245;S
20240119;102838;193.130000000;750;9445537246;S
20240119;102840;193.130000000;170;9445537619;S
20240119;102853;193.160000000;90;9445539309;B
20240119;102854;193.160000000;200;9445539360;B
20240119;102904;193.160000000;10;9445540512;B
20240119;102904;193.130000000;600;9445540664;S
20240119;102906;193.160000000;50;9445540798;B
20240119;102914;193.160000000;20;9445542346;B
20240119;102917;193.160000000;2650;9445542554;B
20240119;102917;193.150000000;100;9445542578;S
20240119;102917;193.150000000;230;9445542637;S
20240119;102917;193.150000000;80;9445542638;S
20240119;102917;193.140000000;190;9445542639;B
20240119;102920;193.130000000;10;9445542926;S
20240119;102920;193.130000000;80;9445542927;S
20240119;102920;193.130000000;2930;9445542928;B
20240119;102928;193.130000000;30;9445543644;S
20240119;102952;193.130000000;10;9445546029;S
20240119;102952;193.130000000;10;9445546030;S
20240119;102952;193.130000000;30;9445546031;S
20240119;102955;193.180000000;2500;9445546290;B
20240119;102955;193.180000000;190;9445546291;B
20240119;103001;193.240000000;10;9445547000;B
20240119;103002;193.240000000;2500;9445547059;B
20240119;103009;193.180000000;10;9445547963;S
20240119;103010;193.200000000;10;9445548049;B
20240119;103010;193.200000000;10;9445548073;B
20240119;103013;193.180000000;10;9445548357;S
20240119;103014;193.200000000;20;9445548404;B
20240119;103017;193.180000000;10;9445548698;S
20240119;103023;193.140000000;90;9445549404;S
20240119;103023;193.140000000;80;9445549405;S
20240119;103023;193.130000000;500;9445549406;S
20240119;103023;193.120000000;360;9445549407;S
20240119;103023;193.120000000;460;9445549408;S
20240119;103023;193.110000000;830;9445549409;S
20240119;103023;193.110000000;170;9445549410;S
20240119;103023;193.110000000;80;9445549411;S
20240119;103023;193.100000000;500;9445549423;S
20240119;103023;193.100000000;30;9445549605;S
20240119;103024;193.100000000;180;9445549608;S
20240119;103024;193.100000000;750;9445549609;S
20240119;103031;193.140000000;30;9445550382;B
20240119;103034;193.140000000;20;9445550777;B
20240119;103042;193.140000000;40;9445551656;B
20240119;103042;193.140000000;10;9445551709;B
20240119;103044;193.110000000;10;9445551970;S
20240119;103045;193.120000000;40;9445552002;B
20240119;103046;193.100000000;10;9445552103;S
20240119;103051;193.100000000;10;9445552673;S
20240119;103052;193.100000000;1000;9445552707;S
20240119;103053;193.110000000;30;9445552842;B
20240119;103054;193.100000000;5320;9445553100;S
20240119;103054;193.090000000;50;9445553118;S
20240119;103054;193.090000000;90;9445553119;S
20240119;103054;193.080000000;50;9445553131;S
20240119;103054;193.050000000;60;9445553146;S
20240119;103054;193.050000000;940;9445553148;S
20240119;103055;193.060000000;90;9445553420;B
20240119;103055;193.060000000;770;9445553421;B
20240119;103057;193.100000000;10;9445553815;B
20240119;103057;193.080000000;10;9445553816;S
20240119;103058;193.090000000;90;9445553872;B
20240119;103058;193.100000000;20;9445553873;B
20240119;103058;193.110000000;40;9445553874;B
20240119;103102;193.040000000;10;9445554402;S
20240119;103107;193.030000000;10;9445555060;S
20240119;103107;193.020000000;10;9445555061;S
20240119;103110;193.020000000;40;9445555446;S
20240119;103115;193.020000000;150;9445556143;S
20240119;103115;193.010000000;10;9445556144;S
20240119;103115;193.010000000;190;9445556145;S
20240119;103115;193.010000000;30;9445556146;S
20240119;103115;193.020000000;50;9445556156;B
20240119;103115;193.010000000;970;9445556162;S
20240119;103115;193.010000000;200;9445556163;S
20240119;103115;193.010000000;30;9445556164;S
20240119;103115;193.010000000;50;9445556165;S
20240119;103115;193.010000000;10;9445556166;S
20240119;103116;193.000000000;140;9445556958;S
20240119;103116;193.000000000;240;9445556959;S
20240119;103116;193.000000000;20;9445557048;S
20240119;103117;193.000000000;500;9445557218;S
20240119;103117;193.000000000;240;9445557219;S
20240119;103117;193.000000000;60;9445557220;S
20240119;103118;193.000000000;10;9445557320;S
20240119;103118;193.000000000;30;9445557365;S
20240119;103119;193.000000000;10;9445557555;S
20240119;103119;193.000000000;10;9445557640;S
20240119;103119;193.000000000;30;9445557699;S
20240119;103120;193.000000000;10;9445557741;S
20240119;103120;193.000000000;340;9445557755;S
20240119;103120;193.000000000;70;9445557767;S
20240119;103120;193.000000000;20;9445557768;S
20240119;103120;193.000000000;10;9445557784;S
20240119;103120;193.000000000;20;9445557785;S
20240119;103120;193.000000000;10;9445557788;S
20240119;103120;193.000000000;10;9445557794;S
20240119;103120;193.000000000;30;9445557871;S
20240119;103120;193.000000000;90;9445557872;S
20240119;103120;193.000000000;120;9445557873;S
20240119;103120;193.000000000;10;9445557874;S
20240119;103120;193.000000000;10;9445557875;S
20240119;103120;193.000000000;40;9445557876;S
20240119;103120;193.000000000;100;9445557877;S
20240119;103120;193.000000000;10;9445557878;S
20240119;103120;193.000000000;40;9445557879;S
20240119;103120;193.000000000;10;9445557924;S
20240119;103120;193.000000000;10;9445557925;S
20240119;103120;193.000000000;20;9445557926;S
20240119;103120;193.000000000;10;9445557927;S
20240119;103120;193.000000000;10;9445557934;S
20240119;103120;193.000000000;10;9445557947;S
20240119;103121;193.000000000;10;9445558016;S
20240119;103121;193.000000000;10;9445558017;S
20240119;103121;193.000000000;90;9445558038;S
20240119;103121;193.000000000;100;9445558039;S
20240119;103121;193.000000000;170;9445558040;S
20240119;103121;193.000000000;110;9445558083;S
20240119;103122;193.000000000;220;9445558296;S
20240119;103122;193.000000000;1030;9445558297;S
20240119;103122;193.000000000;330;9445558337;S
20240119;103122;193.000000000;10;9445558342;S
20240119;103123;193.000000000;200;9445558379;S
20240119;103123;193.000000000;60;9445558401;S
20240119;103123;193.000000000;90;9445558438;S
20240119;103123;193.000000000;20;9445558439;S
20240119;103123;193.000000000;20;9445558467;S
20240119;103123;193.000000000;20;9445558487;S
20240119;103123;193.000000000;570;9445558497;S
20240119;103123;193.000000000;150;9445558519;S
20240119;103124;192.970000000;10;9445558548;S
20240119;103124;192.960000000;90;9445558549;S
20240119;103124;192.940000000;100;9445558550;S
20240119;103124;192.940000000;30;9445558551;S
20240119;103124;192.920000000;10;9445558601;S
20240119;103125;192.950000000;10;9445558922;S
20240119;103125;192.950000000;10;9445558959;S
20240119;103125;192.950000000;770;9445558961;S
20240119;103125;192.950000000;1180;9445558994;S
20240119;103125;192.950000000;10;9445559035;S
20240119;103125;192.990000000;30;9445559055;B
20240119;103126;192.950000000;10;9445559074;S
20240119;103126;192.980000000;10;9445559306;S
20240119;103129;192.950000000;10;9445559861;S
20240119;103130;192.930000000;10;9445560583;S
20240119;103131;192.960000000;10;9445561217;B
20240119;103132;192.970000000;5000;9445561306;S
20240119;103136;192.970000000;10;9445562515;S
20240119;103136;192.970000000;120;9445562516;S
20240119;103136;192.970000000;10;9445562519;S
20240119;103136;192.970000000;140;9445562535;S
20240119;103137;192.970000000;400;9445562545;S
20240119;103137;192.970000000;20;9445562578;S
20240119;103137;192.970000000;20;9445562579;S
20240119;103140;192.970000000;240;9445563057;S
20240119;103140;192.970000000;10;9445563181;S
20240119;103140;192.970000000;20;9445563244;S
20240119;103151;192.920000000;10;9445566666;S
20240119;103151;192.910000000;10;9445566667;S
20240119;103151;192.900000000;20;9445566668;S
20240119;103151;192.900000000;100;9445566669;S
20240119;103151;192.900000000;20;9445566670;S
20240119;103151;192.900000000;300;9445566671;S
20240119;103151;192.900000000;90;9445566672;S
20240119;103151;192.900000000;60;9445566673;S
20240119;103151;192.880000000;10;9445566674;S
20240119;103151;192.870000000;10;9445566675;S
20240119;103151;192.890000000;10;9445566705;B
20240119;103152;192.870000000;10;9445566746;S
20240119;103152;192.860000000;30;9445566747;S
20240119;103152;192.860000000;60;9445566748;S
20240119;103152;192.860000000;10;9445566749;S
20240119;103152;192.860000000;30;9445566750;S
20240119;103152;192.860000000;50;9445566775;S
20240119;103152;192.900000000;20;9445566817;B
20240119;103152;192.900000000;10;9445566819;B
20240119;103157;192.860000000;70;9445568359;S
20240119;103157;192.860000000;10;9445568360;S
20240119;103157;192.850000000;10;9445568361;S
20240119;103157;192.850000000;10;9445568362;S
20240119;103158;192.850000000;1160;9445568467;S
20240119;103159;192.850000000;840;9445568781;S
20240119;103159;192.850000000;10;9445568782;S
20240119;103159;192.830000000;90;9445568783;S
20240119;103159;192.820000000;20;9445568784;S
20240119;103159;192.820000000;10;9445568785;S
20240119;103159;192.820000000;190;9445568786;S
20240119;103159;192.810000000;750;9445568787;S
20240119;103159;192.810000000;10;9445568788;S
20240119;103159;192.810000000;50;9445568789;S
20240119;103159;192.810000000;10;9445568790;S
20240119;103159;192.800000000;20;9445568791;S
20240119;103159;192.800000000;150;9445568792;S
20240119;103159;192.800000000;2000;9445568793;S
20240119;103159;192.800000000;710;9445568794;S
20240119;103159;192.800000000;540;9445568809;S
20240119;103159;192.890000000;10;9445568816;B
20240119;103200;192.800000000;50;9445568836;S
20240119;103200;192.800000000;1190;9445568900;S
20240119;103200;192.800000000;10;9445569074;S
20240119;103200;192.800000000;130;9445569075;S
20240119;103200;192.800000000;20;9445569076;S
20240119;103200;192.800000000;30;9445569077;S
20240119;103200;192.800000000;10;9445569078;S
20240119;103200;192.800000000;10;9445569079;S
20240119;103200;192.780000000;10;9445569080;S
20240119;103200;192.770000000;30;9445569081;S
20240119;103201;192.760000000;10;9445569179;S
20240119;103201;192.760000000;10;9445569180;S
20240119;103201;192.760000000;80;9445569181;S
20240119;103201;192.830000000;10;9445569618;B
20240119;103201;192.760000000;10;9445569728;S
20240119;103201;192.760000000;20;9445569758;S
20240119;103202;192.750000000;150;9445569821;S
20240119;103202;192.740000000;10;9445569822;S
20240119;103202;192.720000000;20;9445569823;S
20240119;103202;192.720000000;80;9445569824;S
20240119;103202;192.710000000;10;9445569825;S
20240119;103202;192.700000000;30;9445569826;S
20240119;103202;192.700000000;900;9445569827;S
20240119;103202;192.700000000;10;9445569828;S
20240119;103202;192.700000000;1360;9445569829;S
20240119;103202;192.700000000;10;9445569830;S
20240119;103202;192.700000000;10;9445569831;S
20240119;103202;192.700000000;10;9445569832;S
20240119;103202;192.700000000;190;9445569833;S
20240119;103202;192.660000000;200;9445569834;S
20240119;103202;192.650000000;150;9445569835;S
20240119;103202;192.630000000;120;9445569836;S
20240119;103202;192.620000000;50;9445569844;S
20240119;103202;192.620000000;150;9445569845;S
20240119;103202;192.620000000;10;9445570056;S
20240119;103202;192.620000000;530;9445570153;S
20240119;103202;192.610000000;10;9445570154;S
20240119;103202;192.600000000;50;9445570155;S
20240119;103202;192.600000000;20;9445570156;S
20240119;103202;192.600000000;220;9445570157;S
20240119;103202;192.690000000;190;9445570315;B
20240119;103202;192.690000000;330;9445570316;B
20240119;103202;192.680000000;30;9445570370;B
20240119;103203;192.650000000;50;9445571191;S
20240119;103203;192.600000000;100;9445571192;S
20240119;103203;192.600000000;40;9445571197;S
20240119;103204;192.600000000;10;9445571791;S
20240119;103204;192.660000000;50;9445572147;B
20240119;103204;192.660000000;210;9445572148;B
20240119;103211;192.650000000;50;9445574080;S
20240119;103211;192.640000000;30;9445574081;S
20240119;103211;192.630000000;50;9445574082;S
20240119;103211;192.620000000;80;9445574083;S
20240119;103211;192.610000000;520;9445574084;S
20240119;103211;192.600000000;630;9445574085;S
20240119;103211;192.600000000;10;9445574086;S
20240119;103211;192.600000000;10;9445574087;S
20240119;103211;192.600000000;20;9445574088;S
20240119;103211;192.600000000;1300;9445574089;S
20240119;103211;192.580000000;300;9445574090;S
20240119;103211;192.570000000;200;9445574091;S
20240119;103211;192.570000000;280;9445574092;S
20240119;103211;192.560000000;500;9445574093;S
20240119;103211;192.560000000;500;9445574094;S
20240119;103211;192.540000000;50;9445574095;S
20240119;103211;192.540000000;200;9445574096;S
20240119;103211;192.530000000;5000;9445574097;S
20240119;103211;192.530000000;10;9445574098;S
20240119;103211;192.520000000;1500;9445574099;S
20240119;103211;192.520000000;10;9445574100;S
20240119;103211;192.510000000;10;9445574101;S
20240119;103211;192.510000000;10;9445574102;S
20240119;103211;192.510000000;2000;9445574103;S
20240119;103211;192.510000000;500;9445574104;S
20240119;103211;192.510000000;20;9445574105;S
20240119;103211;192.510000000;50;9445574106;S
20240119;103211;192.500000000;2250;9445574107;S
20240119;103211;192.510000000;520;9445574155;S
20240119;103211;192.500000000;5160;9445574156;S
20240119;103211;192.500000000;10;9445574157;S
20240119;103211;192.500000000;50;9445574158;S
20240119;103211;192.500000000;100;9445574159;S
20240119;103211;192.500000000;70;9445574160;S
20240119;103211;192.500000000;500;9445574161;S
20240119;103211;192.500000000;150;9445574162;S
20240119;103211;192.500000000;100;9445574163;S
20240119;103211;192.500000000;80;9445574164;S
20240119;103211;192.500000000;100;9445574165;S
20240119;103211;192.500000000;10;9445574166;S
20240119;103211;192.500000000;10;9445574167;S
20240119;103211;192.500000000;1060;9445574168;S
20240119;103211;192.500000000;80;9445574169;S
20240119;103211;192.550000000;40;9445574189;B
20240119;103212;192.550000000;10;9445574196;B
20240119;103212;192.510000000;200;9445574197;S
20240119;103212;192.550000000;40;9445574334;B
20240119;103212;192.550000000;10;9445574346;S
20240119;103212;192.570000000;10;9445574371;B
20240119;103212;192.550000000;200;9445574385;S
20240119;103212;192.530000000;30;9445574386;S
20240119;103212;192.510000000;160;9445574431;S
20240119;103213;192.600000000;190;9445574678;B
20240119;103213;192.610000000;1550;9445574679;B
20240119;103213;192.620000000;80;9445574680;B
20240119;103213;192.670000000;180;9445574681;B
20240119;103213;192.640000000;40;9445574706;B
20240119;103213;192.650000000;10;9445574707;B
20240119;103215;192.580000000;20;9445575423;S
20240119;103216;192.600000000;10;9445575696;B
20240119;103218;192.680000000;10;9445576146;B
20240119;103221;192.530000000;10;9445576793;S
20240119;103221;192.530000000;10;9445576794;S
20240119;103221;192.520000000;50;9445576795;S
20240119;103221;192.510000000;10;9445576796;S
20240119;103221;192.510000000;190;9445576797;S
20240119;103221;192.510000000;520;9445576798;S
20240119;103221;192.500000000;30;9445576799;S
20240119;103221;192.600000000;100;9445576907;S
20240119;103222;192.600000000;1400;9445577012;S
20240119;103222;192.510000000;520;9445577013;S
20240119;103222;192.500000000;1080;9445577014;S
20240119;103222;192.510000000;140;9445577021;B
20240119;103226;192.510000000;10;9445578461;S
20240119;103227;192.510000000;80;9445578675;S
20240119;103227;192.510000000;920;9445578676;B
20240119;103228;192.520000000;10;9445578782;S
20240119;103228;192.520000000;290;9445578783;B
20240119;103229;192.570000000;190;9445579163;S
20240119;103229;192.550000000;80;9445579164;S
20240119;103229;192.510000000;520;9445579165;S
20240119;103229;192.500000000;3810;9445579166;S
20240119;103229;192.500000000;10;9445579167;S
20240119;103229;192.500000000;1000;9445579168;S
20240119;103229;192.500000000;30;9445579169;S
20240119;103229;192.500000000;110;9445579170;S
20240119;103234;192.500000000;190;9445580062;S
20240119;103234;192.500000000;90;9445580063;S
20240119;103234;192.500000000;10;9445580133;S
20240119;103234;192.500000000;10;9445580134;S
20240119;103235;192.500000000;10;9445580164;S
20240119;103235;192.500000000;30;9445580165;S
20240119;103235;192.500000000;10;9445580166;S
20240119;103235;192.500000000;410;9445580167;S
20240119;103235;192.500000000;10;9445580168;S
20240119;103235;192.500000000;10;9445580169;S
20240119;103235;192.500000000;10;9445580170;S
20240119;103235;192.500000000;10;9445580171;S
20240119;103235;192.490000000;80;9445580172;S
20240119;103235;192.450000000;260;9445580173;S
20240119;103235;192.440000000;520;9445580174;S
20240119;103235;192.430000000;60;9445580175;S
20240119;103235;192.430000000;3000;9445580176;S
20240119;103235;192.420000000;50;9445580177;S
20240119;103235;192.410000000;2500;9445580178;S
20240119;103235;192.410000000;2000;9445580179;S
20240119;103235;192.410000000;230;9445580180;B
20240119;103235;192.410000000;500;9445580184;B
20240119;103235;192.400000000;10;9445580308;S
20240119;103235;192.400000000;490;9445580436;S
20240119;103235;192.400000000;10;9445580437;S
20240119;103235;192.400000000;2000;9445580438;S
20240119;103235;192.390000000;20;9445580439;S
20240119;103235;192.380000000;380;9445580440;S
20240119;103235;192.380000000;10;9445580644;S
20240119;103236;192.410000000;60;9445580701;S
20240119;103236;192.380000000;90;9445580702;S
20240119;103236;192.390000000;10;9445580703;S
20240119;103236;192.390000000;510;9445580709;S
20240119;103236;192.380000000;450;9445580710;S
20240119;103236;192.380000000;480;9445580712;S
20240119;103236;192.380000000;590;9445580815;S
20240119;103236;192.350000000;10;9445580816;S
20240119;103236;192.330000000;100;9445580961;S
20240119;103236;192.340000000;30;9445580968;B
20240119;103236;192.330000000;320;9445581020;S
20240119;103236;192.330000000;80;9445581021;S
20240119;103236;192.330000000;20;9445581090;S
20240119;103236;192.330000000;300;9445581091;S
20240119;103236;192.320000000;40;9445581092;S
20240119;103236;192.320000000;10;9445581104;S
20240119;103237;192.320000000;10;9445581252;S
20240119;103237;192.320000000;1260;9445581253;S
20240119;103237;192.330000000;10;9445581320;B
20240119;103237;192.320000000;380;9445581321;S
20240119;103237;192.330000000;50;9445581439;S
20240119;103237;192.340000000;60;9445581503;B
20240119;103237;192.320000000;100;9445581518;S
20240119;103237;192.320000000;130;9445581572;S
20240119;103237;192.340000000;30;9445581583;B
20240119;103238;192.340000000;500;9445581667;B
20240119;103238;192.320000000;2070;9445581671;S
20240119;103238;192.320000000;10;9445581672;S
20240119;103238;192.320000000;20;9445581673;S
20240119;103238;192.310000000;90;9445581732;S
20240119;103238;192.310000000;90;9445581847;S
20240119;103238;192.310000000;90;9445581943;S
20240119;103239;192.340000000;50;9445582241;B
20240119;103239;192.310000000;30;9445582254;S
20240119;103239;192.310000000;100;9445582260;S
20240119;103240;192.310000000;30;9445582426;S
20240119;103243;192.300000000;40;9445582974;S
20240119;103243;192.300000000;60;9445582975;S
20240119;103243;192.300000000;440;9445583032;S
20240119;103243;192.290000000;60;9445583033;S
20240119;103243;192.290000000;40;9445583046;S
20240119;103243;192.280000000;10;9445583047;S
20240119;103243;192.260000000;10;9445583048;S
20240119;103244;192.250000000;20;9445583068;S
20240119;103244;192.240000000;260;9445583139;S
20240119;103244;192.220000000;1740;9445583140;S
20240119;103244;192.220000000;260;9445583141;S
20240119;103244;192.220000000;10;9445583142;S
20240119;103244;192.220000000;80;9445583143;B
20240119;103244;192.210000000;30;9445583155;S
20240119;103244;192.220000000;60;9445583166;B
20240119;103244;192.210000000;70;9445583190;S
20240119;103244;192.210000000;20;9445583191;S
20240119;103244;192.210000000;100;9445583201;S
20240119;103244;192.210000000;380;9445583202;S
20240119;103244;192.210000000;10;9445583208;S
20240119;103245;192.210000000;60;9445583294;S
20240119;103245;192.310000000;80;9445583328;B
20240119;103246;192.310000000;20;9445583524;B
20240119;103249;192.320000000;30;9445584060;B
20240119;103249;192.330000000;10;9445584061;B
20240119;103249;192.330000000;10;9445584062;B
20240119;103249;192.330000000;520;9445584063;B
20240119;103249;192.340000000;430;9445584064;B
20240119;103253;192.320000000;30;9445584955;S
20240119;103253;192.310000000;50;9445584956;S
20240119;103253;192.300000000;1920;9445584957;S
20240119;103300;192.330000000;10;9445587124;B
20240119;103301;192.300000000;80;9445587180;S
20240119;103301;192.290000000;10;9445587181;S
20240119;103301;192.270000000;80;9445587182;S
20240119;103301;192.260000000;400;9445587183;S
20240119;103301;192.250000000;20;9445587184;S
20240119;103301;192.240000000;100;9445587185;S
20240119;103301;192.240000000;50;9445587186;S
20240119;103301;192.220000000;100;9445587187;S
20240119;103301;192.210000000;200;9445587188;S
20240119;103301;192.210000000;80;9445587189;S
20240119;103301;192.200000000;200;9445587190;S
20240119;103301;192.200000000;30;9445587191;S
20240119;103301;192.200000000;10;9445587192;S
20240119;103301;192.200000000;10;9445587193;S
20240119;103301;192.190000000;40;9445587196;S
20240119;103301;192.190000000;80;9445587197;S
20240119;103301;192.180000000;130;9445587198;S
20240119;103301;192.180000000;570;9445587266;S
20240119;103301;192.180000000;10;9445587267;S
20240119;103301;192.180000000;100;9445587268;S
20240119;103301;192.170000000;320;9445587269;S
20240119;103301;192.170000000;180;9445587278;S
20240119;103301;192.170000000;80;9445587279;S
20240119;103301;192.160000000;10;9445587280;S
20240119;103301;192.150000000;50;9445587281;S
20240119;103301;192.140000000;180;9445587282;S
20240119;103301;192.130000000;50;9445587283;S
20240119;103303;192.190000000;20;9445587515;B
20240119;103303;192.200000000;30;9445587516;B
20240119;103304;192.250000000;10;9445587574;B
20240119;103305;192.250000000;50;9445587880;B
20240119;103305;192.260000000;80;9445587881;B
20240119;103305;192.280000000;500;9445587882;B
20240119;103305;192.300000000;100;9445587883;B
20240119;103305;192.320000000;270;9445587884;B
20240119;103305;192.300000000;1590;9445587952;B
20240119;103306;192.310000000;20;9445588084;B
20240119;103307;192.320000000;80;9445588332;S
20240119;103307;192.310000000;70;9445588333;S
20240119;103308;192.300000000;1410;9445588485;S
20240119;103308;192.300000000;80;9445588486;S
20240119;103308;192.290000000;420;9445588487;S
20240119;103308;192.260000000;190;9445588488;S
20240119;103308;192.260000000;500;9445588489;S
20240119;103308;192.170000000;50;9445588490;S
20240119;103308;192.150000000;100;9445588491;S
20240119;103308;192.140000000;10;9445588492;S
20240119;103308;192.130000000;520;9445588493;S
20240119;103308;192.130000000;1140;9445588494;S
20240119;103310;192.150000000;110;9445588889;S
20240119;103311;192.320000000;190;9445589161;B
20240119;103311;192.330000000;80;9445589162;B
20240119;103311;192.330000000;730;9445589163;B
20240119;103312;192.330000000;100;9445589497;B
20240119;103319;192.330000000;10;9445591766;S
20240119;103319;192.260000000;90;9445591767;S
20240119;103319;192.260000000;10;9445591768;S
20240119;103319;192.260000000;90;9445591769;B
20240119;103321;192.260000000;10;9445592299;S
20240119;103321;192.260000000;40;9445592300;B
20240119;103321;192.300000000;20;9445592349;B
20240119;103321;192.300000000;80;9445592448;B
20240119;103321;192.320000000;10;9445592459;B
20240119;103323;192.250000000;50;9445592928;S
20240119;103323;192.240000000;80;9445592929;S
20240119;103323;192.240000000;20;9445592930;S
20240119;103323;192.240000000;190;9445592931;S
20240119;103323;192.230000000;500;9445592932;S
20240119;103323;192.220000000;10;9445592933;S
20240119;103323;192.160000000;10;9445592934;S
20240119;103323;192.160000000;710;9445592935;S
20240119;103323;192.160000000;520;9445592936;S
20240119;103323;192.150000000;1000;9445592937;S
20240119;103323;192.150000000;10;9445592938;S
20240119;103323;192.120000000;100;9445592939;S
20240119;103323;192.120000000;730;9445592940;S
20240119;103323;192.120000000;10;9445592941;S
20240119;103323;192.110000000;400;9445592942;S
20240119;103323;192.110000000;30;9445592943;S
20240119;103323;192.100000000;10;9445592944;S
20240119;103323;192.100000000;20;9445592945;S
20240119;103323;192.100000000;10;9445592946;S
20240119;103323;192.100000000;10;9445592947;S
20240119;103323;192.100000000;60;9445592948;S
20240119;103323;192.100000000;100;9445592949;S
20240119;103323;192.090000000;2600;9445592950;S
20240119;103323;192.100000000;520;9445592961;S
20240119;103323;192.100000000;180;9445592962;S
20240119;103323;192.090000000;300;9445592963;S
20240119;103323;192.090000000;20;9445592993;S
20240119;103323;192.240000000;50;9445592995;B
20240119;103323;192.240000000;50;9445593021;B
20240119;103323;192.090000000;80;9445593022;S
20240119;103323;192.090000000;290;9445593023;S
20240119;103324;192.100000000;200;9445593174;S
20240119;103324;192.090000000;80;9445593175;S
20240119;103324;192.080000000;20;9445593176;S
20240119;103324;192.220000000;200;9445593177;S
20240119;103324;192.220000000;30;9445593178;S
20240119;103324;192.220000000;170;9445593179;S
20240119;103324;192.220000000;90;9445593180;S
20240119;103324;192.240000000;200;9445593243;S
20240119;103324;192.240000000;110;9445593244;S
20240119;103324;192.230000000;80;9445593245;S
20240119;103324;192.180000000;60;9445593246;S
20240119;103324;192.240000000;60;9445593284;B
20240119;103324;192.250000000;80;9445593285;B
20240119;103324;192.290000000;70;9445593286;B
20240119;103327;192.210000000;10;9445594368;B
20240119;103328;192.210000000;30;9445594418;B
20240119;103329;192.210000000;130;9445594848;B
20240119;103330;192.160000000;10;9445594959;S
20240119;103332;192.210000000;10;9445595702;B
20240119;103332;192.210000000;60;9445595742;B
20240119;103332;192.210000000;20;9445595835;B
20240119;103333;192.300000000;20;9445595955;B
20240119;103334;192.210000000;50;9445596197;S
20240119;103334;192.210000000;70;9445596198;S
20240119;103334;192.210000000;190;9445596199;S
20240119;103334;192.200000000;500;9445596200;S
20240119;103334;192.170000000;50;9445596201;S
20240119;103334;192.170000000;120;9445596202;S
20240119;103334;192.300000000;10;9445596279;B
20240119;103334;192.300000000;190;9445596280;B
20240119;103336;192.300000000;800;9445596545;S
20240119;103336;192.290000000;70;9445596546;S
20240119;103336;192.260000000;190;9445596547;S
20240119;103336;192.230000000;500;9445596548;S
20240119;103336;192.220000000;30;9445596549;S
20240119;103336;192.210000000;10;9445596550;S
20240119;103336;192.150000000;40;9445596551;S
20240119;103336;192.110000000;50;9445596552;S
20240119;103336;192.100000000;10;9445596553;S
20240119;103336;192.100000000;200;9445596554;S
20240119;103336;192.090000000;50;9445596555;S
20240119;103336;192.090000000;520;9445596556;S
20240119;103336;192.080000000;980;9445596557;S
20240119;103336;192.060000000;1550;9445596558;S
20240119;103336;192.050000000;10;9445596559;S
20240119;103336;192.030000000;260;9445596560;S
20240119;103336;192.030000000;500;9445596561;S
20240119;103336;192.020000000;50;9445596562;S
20240119;103336;192.020000000;20;9445596563;S
20240119;103336;192.020000000;10;9445596564;S
20240119;103336;192.010000000;100;9445596565;S
20240119;103336;192.010000000;500;9445596566;S
20240119;103336;192.010000000;10;9445596567;S
20240119;103336;192.010000000;730;9445596568;S
20240119;103336;192.020000000;350;9445596610;S
20240119;103336;192.010000000;1270;9445596611;S
20240119;103336;192.010000000;380;9445596612;S
20240119;103336;192.050000000;10;9445596620;S
20240119;103337;192.050000000;10;9445596802;S
20240119;103337;192.010000000;60;9445596803;S
20240119;103337;192.180000000;50;9445596804;B
20240119;103337;192.180000000;60;9445596806;B
20240119;103339;192.210000000;10;9445597454;S
20240119;103339;192.120000000;10;9445597455;S
20240119;103339;192.060000000;10;9445597456;S
20240119;103339;192.060000000;270;9445597457;S
20240119;103339;192.060000000;100;9445597458;S
20240119;103342;192.160000000;10;9445599009;B
20240119;103345;192.160000000;10;9445599604;B
20240119;103349;192.050000000;30;9445600429;S
20240119;103349;192.050000000;70;9445600453;S
20240119;103349;192.050000000;30;9445600454;S
20240119;103350;192.050000000;370;9445600749;S
20240119;103350;192.050000000;70;9445600750;S
20240119;103350;192.030000000;30;9445600751;S
20240119;103350;192.030000000;10;9445600752;S
20240119;103350;192.010000000;560;9445600753;S
20240119;103350;192.010000000;100;9445600754;S
20240119;103350;192.010000000;10;9445600755;S
20240119;103350;192.010000000;10;9445600756;S
20240119;103350;192.010000000;10;9445600757;S
20240119;103350;192.000000000;10;9445600758;S
20240119;103350;192.000000000;30;9445600759;S
20240119;103350;192.000000000;20;9445600760;S
20240119;103350;192.000000000;10;9445600761;S
20240119;103350;192.000000000;10;9445600762;S
