<DATE>;<TIME>;<LAST>;<VOL>;<ID>;<OPER>
20240117;095947;192.050000000;30;9411036670;B
20240117;095947;192.050000000;10;9411036671;B
20240117;095947;192.050000000;10;9411036672;B
20240117;095947;192.050000000;10;9411036673;B
20240117;095947;192.050000000;70;9411036674;B
20240117;095947;192.050000000;30;9411036675;B
20240117;095947;192.050000000;20;9411036676;B
20240117;095947;192.050000000;20;9411036677;B
20240117;095947;192.050000000;10;9411036678;B
20240117;095947;192.050000000;50;9411036679;B
20240117;095947;192.050000000;150;9411036680;B
20240117;095947;192.050000000;60;9411036681;S
20240117;095947;192.050000000;20;9411036682;S
20240117;095947;192.050000000;10;9411036683;S
20240117;095947;192.050000000;170;9411036684;S
20240117;095947;192.050000000;50;9411036685;S
20240117;095947;192.050000000;10;9411036686;S
20240117;095947;192.050000000;10;9411036687;S
20240117;095947;192.050000000;100;9411036688;S
20240117;095947;192.050000000;20;9411036689;S
20240117;095947;192.050000000;10;9411036690;B
20240117;095947;192.050000000;10;9411036691;B
20240117;095947;192.050000000;30;9411036692;S
20240117;095947;192.050000000;10;9411036693;S
20240117;095947;192.050000000;20;9411036694;S
20240117;095947;192.050000000;10;9411036695;S
20240117;095947;192.050000000;10;9411036696;B
20240117;095947;192.050000000;10;9411036697;S
20240117;095947;192.050000000;150;9411036698;S
20240117;095947;192.050000000;20;9411036699;S
20240117;095947;192.050000000;580;9411036700;S
20240117;095947;192.050000000;110;9411036701;S
20240117;095947;192.050000000;10;9411036702;S
20240117;095947;192.050000000;50;9411036703;S
20240117;095947;192.050000000;10;9411036704;S
20240117;095947;192.050000000;30;9411036705;S
20240117;095947;192.050000000;2130;9411036706;B
20240117;095947;192.050000000;480;9411036707;B
20240117;095947;192.050000000;250;9411036708;S
20240117;095947;192.050000000;240;9411036709;S
20240117;095947;192.050000000;40;9411036710;B
20240117;095947;192.050000000;10;9411036711;B
20240117;095947;192.050000000;10;9411036712;B
20240117;100005;192.060000000;10;9411043655;S
20240117;100005;192.100000000;10;9411043656;B
20240117;100005;192.050000000;10;9411043950;S
20240117;100005;192.050000000;200;9411044143;S
20240117;100005;192.100000000;10;9411044734;B
20240117;100005;192.050000000;1760;9411044920;S
20240117;100005;192.050000000;400;9411044921;S
20240117;100005;192.010000000;10;9411044922;S
20240117;100005;192.010000000;10;9411044923;S
20240117;100005;192.010000000;10;9411044924;S
20240117;100005;192.010000000;940;9411044925;S
20240117;100005;192.010000000;200;9411044926;S
20240117;100005;192.000000000;50;9411044927;S
20240117;100005;192.000000000;10;9411044928;S
20240117;100005;192.000000000;20;9411044929;S
20240117;100005;192.000000000;260;9411044930;S
20240117;100005;192.000000000;1000;9411044931;S
20240117;100005;192.000000000;80;9411044932;S
20240117;100005;192.000000000;10;9411044933;S
20240117;100005;192.000000000;30;9411044934;S
20240117;100005;192.000000000;100;9411044935;S
20240117;100005;191.980000000;10;9411044936;S
20240117;100005;191.970000000;1000;9411044937;S
20240117;100005;191.960000000;9100;9411044938;S
20240117;100005;191.960000000;10;9411044990;S
20240117;100005;191.960000000;50;9411045077;S
20240117;100005;191.960000000;10;9411045124;S
20240117;100005;192.100000000;20;9411045125;B
20240117;100005;191.960000000;10;9411045126;S
20240117;100006;192.100000000;10;9411045827;B
20240117;100006;192.100000000;20;9411046146;B
20240117;100006;191.960000000;780;9411046316;S
20240117;100007;192.000000000;80;9411046749;S
20240117;100007;191.960000000;460;9411046750;S
20240117;100007;191.960000000;400;9411046760;S
20240117;100007;192.090000000;30;9411046835;B
20240117;100007;192.090000000;10;9411046836;B
20240117;100007;192.000000000;50;9411046935;S
20240117;100007;192.000000000;10;9411047065;S
20240117;100011;192.000000000;40;9411048746;S
20240117;100021;192.000000000;20;9411051455;B
20240117;100021;192.050000000;70;9411051456;B
20240117;100023;191.960000000;30;9411052021;S
20240117;100038;191.960000000;30;9411055949;S
20240117;100039;191.960000000;20;9411056531;S
20240117;100042;191.960000000;30;9411057528;S
20240117;100045;192.070000000;10;9411058290;B
20240117;100046;191.970000000;10;9411058399;S
20240117;100046;191.960000000;4120;9411058400;S
20240117;100046;191.900000000;10;9411058401;S
20240117;100046;191.880000000;50;9411058402;S
20240117;100046;191.880000000;130;9411058403;S
20240117;100046;191.830000000;80;9411058404;S
20240117;100046;191.820000000;500;9411058405;S
20240117;100046;191.810000000;10;9411058527;S
20240117;100047;191.800000000;10;9411058649;S
20240117;100047;191.760000000;30;9411058650;S
20240117;100047;191.760000000;10;9411058810;S
20240117;100049;191.760000000;450;9411059116;S
20240117;100049;191.750000000;10;9411059117;S
20240117;100049;191.660000000;500;9411059118;S
20240117;100049;191.650000000;600;9411059119;S
20240117;100049;191.650000000;840;9411059120;S
20240117;100054;191.880000000;10;9411060179;B
20240117;100054;191.880000000;60;9411060238;B
20240117;100057;191.740000000;10;9411060884;S
20240117;100057;191.710000000;10;9411060885;S
20240117;100057;191.700000000;10;9411060886;S
20240117;100057;191.660000000;10;9411060887;S
20240117;100057;191.650000000;70;9411060888;S
20240117;100057;191.650000000;20;9411060889;S
20240117;100057;191.640000000;440;9411060890;S
20240117;100057;191.640000000;40;9411060891;S
20240117;100057;191.630000000;390;9411060892;S
20240117;100058;191.620000000;30;9411060974;S
20240117;100100;191.600000000;10;9411061505;S
20240117;100100;191.580000000;230;9411061506;S
20240117;100100;191.810000000;10;9411061558;B
20240117;100101;191.610000000;10;9411061693;S
20240117;100101;191.570000000;10;9411061694;S
20240117;100101;191.570000000;10;9411061695;S
20240117;100101;191.570000000;10;9411061696;S
20240117;100101;191.550000000;50;9411061697;S
20240117;100101;191.550000000;10;9411061698;S
20240117;100101;191.550000000;380;9411061699;S
20240117;100101;191.550000000;160;9411061700;S
20240117;100101;191.550000000;1560;9411061701;S
20240117;100101;191.540000000;20;9411061702;S
20240117;100101;191.540000000;10;9411061703;S
20240117;100101;191.530000000;10;9411061704;S
20240117;100101;191.530000000;2760;9411061705;S
20240117;100101;191.530000000;50;9411061706;S
20240117;100103;191.610000000;40;9411062238;B
20240117;100103;191.610000000;20;9411062239;B
20240117;100104;191.730000000;10;9411062398;B
20240117;100105;191.750000000;10;9411062559;B
20240117;100112;191.740000000;190;9411063929;S
20240117;100112;191.680000000;140;9411063930;S
20240117;100112;191.660000000;10;9411063931;S
20240117;100112;191.630000000;2660;9411063932;S
20240117;100112;191.780000000;10;9411064016;B
20240117;100128;191.710000000;10;9411067227;S
20240117;100132;191.720000000;300;9411067989;B
20240117;100138;191.690000000;170;9411068925;S
20240117;100138;191.680000000;230;9411068926;S
20240117;100140;191.720000000;10;9411069199;B
20240117;100142;191.720000000;60;9411069645;B
20240117;100146;191.700000000;80;9411070181;S
20240117;100146;191.690000000;2090;9411070182;S
20240117;100147;191.720000000;10;9411070337;B
20240117;100147;191.720000000;10;9411070410;B
20240117;100150;191.720000000;10;9411070940;B
20240117;100151;191.710000000;50;9411071043;S
20240117;100151;191.720000000;20;9411071060;B
20240117;100154;191.720000000;50;9411071695;B
20240117;100156;191.720000000;10;9411072251;B
20240117;100202;191.710000000;110;9411073281;S
20240117;100202;191.710000000;40;9411073282;S
20240117;100207;191.710000000;20;9411074022;B
20240117;100209;191.710000000;30;9411074715;B
20240117;100216;191.700000000;10;9411075961;S
20240117;100216;191.700000000;90;9411075962;S
20240117;100216;191.700000000;70;9411076042;S
20240117;100216;191.700000000;20;9411076043;S
20240117;100216;191.690000000;160;9411076044;S
20240117;100219;191.710000000;20;9411076432;B
20240117;100220;191.700000000;10;9411076647;S
20240117;100220;191.690000000;1300;9411076648;S
20240117;100220;191.690000000;1500;9411076649;S
20240117;100220;191.680000000;290;9411076650;S
20240117;100224;191.710000000;1000;9411077285;B
20240117;100225;191.690000000;10;9411077421;S
20240117;100225;191.680000000;10;9411077422;S
20240117;100233;191.690000000;10;9411078674;S
20240117;100233;191.690000000;60;9411078763;S
20240117;100238;191.690000000;20;9411079416;S
20240117;100240;191.700000000;10;9411079726;B
20240117;100240;191.700000000;300;9411079727;B
20240117;100240;191.700000000;4190;9411079804;S
20240117;100240;191.690000000;220;9411079805;S
20240117;100242;191.680000000;470;9411079988;S
20240117;100244;191.700000000;30;9411080318;B
20240117;100244;191.700000000;20;9411080319;S
20240117;100248;191.680000000;10;9411080969;S
20240117;100256;191.640000000;10;9411082153;S
20240117;100259;191.670000000;500;9411082590;S
20240117;100318;191.650000000;10;9411085985;S
20240117;100318;191.640000000;190;9411085986;S
20240117;100318;191.630000000;890;9411085987;S
20240117;100318;191.630000000;40;9411085988;S
20240117;100318;191.600000000;10;9411085989;S
20240117;100318;191.590000000;500;9411085990;S
20240117;100318;191.550000000;10;9411085991;S
20240117;100318;191.550000000;10;9411085992;S
20240117;100318;191.520000000;50;9411085993;S
20240117;100318;191.520000000;10;9411085994;S
20240117;100318;191.520000000;20;9411085995;S
20240117;100318;191.520000000;10;9411085996;S
20240117;100318;191.520000000;150;9411085997;S
20240117;100318;191.520000000;10;9411085998;S
20240117;100318;191.520000000;20;9411085999;S
20240117;100318;191.520000000;50;9411086000;S
20240117;100318;191.520000000;10;9411086001;S
20240117;100318;191.510000000;70;9411086002;S
20240117;100318;191.510000000;10;9411086003;S
20240117;100318;191.510000000;10;9411086004;S
20240117;100318;191.510000000;20;9411086005;S
20240117;100318;191.500000000;30;9411086006;S
20240117;100318;191.500000000;10;9411086007;S
20240117;100318;191.500000000;110;9411086008;S
20240117;100318;191.500000000;10;9411086009;S
20240117;100318;191.500000000;10;9411086010;S
20240117;100318;191.500000000;10;9411086011;S
20240117;100318;191.500000000;50;9411086012;S
20240117;100318;191.500000000;10;9411086013;S
20240117;100318;191.500000000;10;9411086014;S
20240117;100318;191.500000000;10;9411086015;S
20240117;100318;191.500000000;40;9411086016;S
20240117;100318;191.500000000;40;9411086017;S
20240117;100318;191.500000000;10;9411086018;S
20240117;100318;191.500000000;10;9411086019;S
20240117;100318;191.500000000;1540;9411086020;S
20240117;100318;191.510000000;80;9411086023;S
20240117;100322;191.510000000;10;9411086560;S
20240117;100324;191.610000000;20;9411086749;B
20240117;100327;191.620000000;30;9411087217;B
20240117;100338;191.620000000;50;9411088951;B
20240117;100340;191.570000000;40;9411089173;S
20240117;100340;191.560000000;500;9411089174;S
20240117;100340;191.540000000;500;9411089175;S
20240117;100340;191.540000000;500;9411089176;S
20240117;100340;191.540000000;5440;9411089177;B
20240117;100340;191.540000000;260;9411089178;B
20240117;100341;191.520000000;10;9411089316;S
20240117;100341;191.520000000;20;9411089317;S
20240117;100341;191.520000000;70;9411089318;S
20240117;100347;191.620000000;20;9411090215;B
20240117;100350;191.560000000;40;9411090640;S
20240117;100350;191.560000000;500;9411090641;S
20240117;100350;191.550000000;150;9411090642;S
20240117;100350;191.520000000;30;9411090643;S
20240117;100350;191.520000000;70;9411090644;S
20240117;100353;191.540000000;40;9411091242;S
20240117;100353;191.540000000;500;9411091243;S
20240117;100353;191.530000000;1560;9411091244;S
20240117;100353;191.520000000;900;9411091245;S
20240117;100358;191.610000000;10;9411092014;B
20240117;100401;191.610000000;10;9411092590;B
20240117;100401;191.620000000;930;9411092591;B
20240117;100401;191.620000000;500;9411092592;B
20240117;100402;191.660000000;20;9411092739;B
20240117;100402;191.680000000;80;9411092740;B
20240117;100403;191.690000000;260;9411092817;B
20240117;100410;191.790000000;30;9411094111;B
20240117;100415;191.850000000;100;9411094741;B
20240117;100425;191.850000000;50;9411096378;B
20240117;100433;191.770000000;100;9411097570;S
20240117;100436;191.780000000;40;9411098013;S
20240117;100436;191.770000000;60;9411098014;S
20240117;100436;191.750000000;30;9411098015;S
20240117;100436;191.740000000;370;9411098016;S
20240117;100443;191.850000000;500;9411099264;B
20240117;100457;191.840000000;20;9411101714;B
20240117;100457;191.840000000;160;9411101715;B
20240117;100457;191.850000000;320;9411101716;B
20240117;100500;191.850000000;180;9411102251;B
20240117;100500;191.890000000;210;9411102252;B
20240117;100510;191.850000000;60;9411104041;B
20240117;100510;191.860000000;10;9411104042;B
20240117;100510;191.890000000;20;9411104043;B
20240117;100510;191.900000000;10;9411104044;B
20240117;100522;191.900000000;100;9411105642;B
20240117;100523;191.790000000;20;9411105960;S
20240117;100523;191.780000000;380;9411105961;S
20240117;100529;191.890000000;10;9411106779;B
20240117;100530;191.900000000;10;9411106906;B
20240117;100536;191.900000000;10;9411108152;B
20240117;100540;191.900000000;30;9411108664;B
20240117;100540;191.810000000;20;9411108714;S
20240117;100540;191.800000000;180;9411108715;S
20240117;100548;191.810000000;20;9411109871;S
20240117;100548;191.800000000;70;9411109872;S
20240117;100551;191.900000000;10;9411110268;B
20240117;100557;191.810000000;20;9411111168;S
20240117;100557;191.810000000;10;9411111169;S
20240117;100600;191.890000000;20;9411111688;B
20240117;100600;191.900000000;30;9411111689;B
20240117;100600;191.900000000;20;9411111690;B
20240117;100600;191.910000000;500;9411111691;B
20240117;100600;191.910000000;120;9411111692;B
20240117;100600;191.920000000;160;9411111693;B
20240117;100600;191.980000000;20;9411111694;B
20240117;100600;191.990000000;160;9411111695;B
20240117;100600;192.000000000;100;9411111696;B
20240117;100600;192.000000000;50;9411111697;B
20240117;100600;192.000000000;1880;9411111698;B
20240117;100600;192.010000000;1560;9411111699;B
20240117;100600;192.070000000;200;9411111700;B
20240117;100600;192.100000000;50;9411111701;B
20240117;100600;192.100000000;30;9411111702;B
20240117;100600;191.830000000;20;9411111767;S
20240117;100611;191.870000000;20;9411113360;S
20240117;100611;191.860000000;40;9411113361;S
20240117;100611;191.860000000;20;9411113362;S
20240117;100611;191.850000000;70;9411113363;S
20240117;100611;191.840000000;850;9411113364;S
20240117;100614;191.880000000;20;9411113693;S
20240117;100615;192.020000000;10;9411113806;B
20240117;100622;191.870000000;30;9411114829;S
20240117;100625;191.870000000;10;9411115256;S
20240117;100625;191.870000000;260;9411115280;S
20240117;100625;191.870000000;20;9411115281;S
20240117;100625;191.870000000;20;9411115282;S
20240117;100625;191.830000000;350;9411115283;B
20240117;100627;191.980000000;20;9411115733;B
20240117;100627;191.990000000;30;9411115734;B
20240117;100630;191.980000000;40;9411116061;B
20240117;100630;191.990000000;30;9411116062;B
20240117;100630;192.000000000;90;9411116063;B
20240117;100630;192.010000000;10;9411116064;B
20240117;100630;192.020000000;20;9411116065;B
20240117;100630;192.020000000;10;9411116066;B
20240117;100639;192.000000000;20;9411117249;B
20240117;100639;191.880000000;10;9411117281;S
20240117;100641;192.000000000;10;9411117586;B
20240117;100653;191.980000000;10;9411119227;B
20240117;100700;191.920000000;10;9411120430;S
20240117;100700;191.910000000;20;9411120431;S
20240117;100700;191.900000000;110;9411120432;S
20240117;100700;191.900000000;90;9411120447;S
20240117;100700;191.900000000;40;9411120486;S
20240117;100700;191.900000000;90;9411120549;S
20240117;100701;191.950000000;40;9411120623;B
20240117;100715;191.930000000;20;9411122333;B
20240117;100726;191.950000000;90;9411123916;B
20240117;100726;191.950000000;80;9411123917;B
20240117;100727;191.930000000;10;9411124104;S
20240117;100727;191.920000000;40;9411124105;S
20240117;100728;191.920000000;100;9411124175;S
20240117;100731;191.950000000;10;9411124718;B
20240117;100735;191.950000000;10;9411125224;B
20240117;100739;191.950000000;50;9411125762;B
20240117;100739;191.950000000;40;9411125763;B
20240117;100741;191.980000000;30;9411126136;B
20240117;100742;191.980000000;260;9411126345;B
20240117;100744;192.000000000;10;9411126463;B
20240117;100746;191.960000000;20;9411126736;S
20240117;100746;191.950000000;90;9411126737;S
20240117;100746;191.930000000;40;9411126738;S
20240117;100746;192.000000000;10;9411126945;B
20240117;100755;191.990000000;40;9411128134;B
20240117;100755;192.000000000;10;9411128135;B
20240117;100755;192.000000000;100;9411128136;B
20240117;100755;192.030000000;90;9411128137;B
20240117;100813;192.090000000;10;9411130897;B
20240117;100813;192.100000000;20;9411130898;B
20240117;100813;192.100000000;20;9411130899;B
20240117;100815;192.020000000;20;9411131185;B
20240117;100837;192.020000000;20;9411134162;S
20240117;100837;192.010000000;20;9411134163;S
20240117;100837;192.010000000;60;9411134164;S
20240117;100840;192.090000000;10;9411134537;B
20240117;100846;192.030000000;10;9411135114;S
20240117;100846;192.020000000;20;9411135115;S
20240117;100846;192.020000000;70;9411135116;S
20240117;100858;192.030000000;20;9411136574;S
20240117;100858;192.030000000;20;9411136575;S
20240117;100907;192.080000000;10;9411137745;B
20240117;100907;192.080000000;50;9411137761;B
20240117;100907;192.090000000;20;9411137762;B
20240117;100907;192.100000000;170;9411137763;B
20240117;100914;192.100000000;80;9411138819;B
20240117;100935;192.100000000;1730;9411141260;B
20240117;100935;192.100000000;10;9411141261;B
20240117;100935;192.100000000;200;9411141262;B
20240117;100938;192.040000000;10;9411141704;S
20240117;100947;192.100000000;10;9411142677;B
20240117;100947;192.150000000;20;9411142678;B
20240117;101004;192.150000000;30;9411144936;B
20240117;101004;192.150000000;530;9411144937;B
20240117;101004;192.150000000;400;9411144938;B
20240117;101014;192.070000000;10;9411146214;S
20240117;101017;192.150000000;10;9411146559;B
20240117;101017;192.150000000;20;9411146560;B
20240117;101025;192.130000000;180;9411147683;B
20240117;101025;192.140000000;10;9411147684;B
20240117;101025;192.140000000;10;9411147685;B
20240117;101034;192.120000000;40;9411148566;B
20240117;101034;192.120000000;20;9411148567;B
20240117;101034;192.130000000;10;9411148568;B
20240117;101045;192.130000000;100;9411149750;B
20240117;101052;192.130000000;360;9411150682;B
20240117;101052;192.140000000;130;9411150683;B
20240117;101052;192.140000000;510;9411150684;B
20240117;101100;192.130000000;10;9411151697;B
20240117;101100;192.140000000;190;9411151698;B
20240117;101124;192.140000000;10;9411155036;B
20240117;101124;192.140000000;100;9411155043;B
20240117;101128;192.130000000;10;9411155611;B
20240117;101132;192.090000000;10;9411155885;S
20240117;101132;192.090000000;10;9411155886;S
20240117;101132;192.090000000;50;9411155887;B
20240117;101134;192.130000000;10;9411156106;B
20240117;101137;192.130000000;10;9411156420;B
20240117;101142;192.090000000;10;9411156891;S
20240117;101142;192.080000000;10;9411156892;S
20240117;101144;192.130000000;10;9411157028;B
20240117;101150;192.120000000;10;9411157837;B
20240117;101153;192.120000000;20;9411158355;B
20240117;101153;192.120000000;170;9411158356;B
20240117;101153;192.120000000;150;9411158357;B
20240117;101153;192.130000000;160;9411158358;B
20240117;101155;192.120000000;30;9411158559;B
20240117;101156;192.120000000;30;9411158616;B
20240117;101156;192.120000000;20;9411158617;B
20240117;101156;192.130000000;450;9411158618;B
20240117;101201;192.100000000;150;9411159367;S
20240117;101201;192.110000000;40;9411159421;B
20240117;101201;192.120000000;160;9411159422;B
20240117;101205;192.090000000;10;9411159813;S
20240117;101205;192.080000000;10;9411159814;S
20240117;101208;192.100000000;10;9411160222;B
20240117;101210;192.100000000;10;9411160360;B
20240117;101210;192.110000000;260;9411160361;B
20240117;101210;192.120000000;1000;9411160362;B
20240117;101210;192.130000000;1980;9411160363;B
20240117;101210;192.130000000;500;9411160364;B
20240117;101210;192.140000000;80;9411160365;B
20240117;101219;192.090000000;10;9411161603;S
20240117;101219;192.080000000;40;9411161604;S
20240117;101219;192.080000000;20;9411161605;S
20240117;101219;192.080000000;70;9411161606;S
20240117;101219;192.080000000;90;9411161607;S
20240117;101222;192.130000000;10;9411161988;B
20240117;101222;192.130000000;20;9411161989;B
20240117;101224;192.130000000;100;9411162286;B
20240117;101231;192.080000000;910;9411163078;S
20240117;101231;192.080000000;10;9411163079;S
20240117;101231;192.080000000;10;9411163080;S
20240117;101231;192.070000000;10;9411163081;S
20240117;101231;192.070000000;10;9411163082;S
20240117;101231;192.070000000;20;9411163083;S
20240117;101231;192.070000000;70;9411163084;S
20240117;101231;192.060000000;30;9411163085;S
20240117;101231;192.050000000;600;9411163086;S
20240117;101231;192.050000000;330;9411163087;S
20240117;101231;192.120000000;10;9411163092;B
20240117;101231;192.120000000;20;9411163093;B
20240117;101231;192.050000000;180;9411163105;S
20240117;101237;192.080000000;10;9411163706;S
20240117;101239;192.080000000;300;9411164059;S
20240117;101250;192.060000000;10;9411165672;S
20240117;101250;192.060000000;20;9411165673;S
20240117;101250;192.060000000;10;9411165674;S
20240117;101250;192.050000000;90;9411165675;S
20240117;101250;192.050000000;10;9411165676;S
20240117;101250;192.040000000;30;9411165677;S
20240117;101250;192.040000000;30;9411165678;S
20240117;101250;192.030000000;100;9411165679;S
20240117;101250;192.020000000;180;9411165680;S
20240117;101250;192.020000000;10;9411165681;S
20240117;101250;192.010000000;200;9411165682;S
20240117;101259;192.020000000;10;9411166703;S
20240117;101259;192.010000000;620;9411166704;S
20240117;101305;192.010000000;40;9411167347;S
20240117;101331;192.010000000;50;9411170114;S
20240117;101333;192.060000000;10;9411170605;B
20240117;101340;192.060000000;10;9411171368;B
20240117;101350;192.020000000;40;9411172373;S
20240117;101354;192.060000000;10;9411172803;B
20240117;101354;192.060000000;10;9411172821;B
20240117;101402;192.020000000;10;9411173542;S
20240117;101402;192.020000000;40;9411173543;S
20240117;101403;192.020000000;100;9411173619;S
20240117;101407;192.060000000;830;9411174263;B
20240117;101407;192.070000000;80;9411174264;B
20240117;101407;192.070000000;10;9411174265;B
20240117;101419;192.090000000;70;9411175667;B
20240117;101419;192.100000000;10;9411175668;B
20240117;101419;192.120000000;10;9411175669;B
20240117;101419;192.120000000;90;9411175670;B
20240117;101419;192.120000000;10;9411175671;B
20240117;101419;192.130000000;50;9411175672;B
20240117;101419;192.130000000;900;9411175673;B
20240117;101419;192.130000000;20;9411175674;B
20240117;101419;192.140000000;2040;9411175675;B
20240117;101422;192.140000000;50;9411176158;B
20240117;101425;192.080000000;10;9411176443;S
20240117;101425;192.080000000;10;9411176444;S
20240117;101425;192.070000000;30;9411176445;S
20240117;101426;192.070000000;40;9411176526;S
20240117;101431;192.140000000;1000;9411177181;B
20240117;101433;192.140000000;400;9411177433;B
20240117;101434;192.140000000;620;9411177594;B
20240117;101434;192.140000000;50;9411177595;B
20240117;101434;192.140000000;10;9411177596;B
20240117;101434;192.140000000;3000;9411177597;B
20240117;101434;192.140000000;10;9411177598;B
20240117;101434;192.150000000;70;9411177599;B
20240117;101434;192.150000000;50;9411177600;B
20240117;101434;192.150000000;180;9411177601;B
20240117;101434;192.150000000;50;9411177602;B
20240117;101435;192.200000000;50;9411177723;B
20240117;101436;192.200000000;30;9411177875;B
20240117;101436;192.200000000;20;9411177876;B
20240117;101440;192.120000000;10;9411178300;S
20240117;101440;192.120000000;60;9411178301;S
20240117;101441;192.120000000;530;9411178413;S
20240117;101441;192.110000000;170;9411178414;S
20240117;101441;192.190000000;200;9411178454;B
20240117;101443;192.120000000;20;9411178571;S
20240117;101443;192.110000000;40;9411178572;S
20240117;101445;192.190000000;60;9411178767;B
20240117;101447;192.190000000;140;9411179056;B
20240117;101447;192.190000000;10;9411179057;B
20240117;101449;192.140000000;50;9411179433;S
20240117;101449;192.130000000;10;9411179434;S
20240117;101449;192.120000000;20;9411179435;S
20240117;101449;192.110000000;130;9411179436;S
20240117;101449;192.200000000;20;9411179448;B
20240117;101506;192.190000000;20;9411181992;B
20240117;101506;192.190000000;10;9411181993;B
20240117;101506;192.190000000;10;9411181994;B
20240117;101506;192.200000000;260;9411181995;B
20240117;101506;192.200000000;20;9411181996;B
20240117;101506;192.200000000;10;9411181997;B
20240117;101506;192.200000000;130;9411181998;B
20240117;101507;192.200000000;540;9411182247;S
20240117;101507;192.200000000;10;9411182248;S
20240117;101507;192.200000000;2500;9411182249;S
20240117;101507;192.120000000;200;9411182250;S
20240117;101507;192.110000000;160;9411182251;S
20240117;101507;192.110000000;70;9411182252;S
20240117;101507;192.110000000;530;9411182253;S
20240117;101507;192.100000000;990;9411182254;S
20240117;101512;192.120000000;50;9411183114;B
20240117;101521;192.190000000;10;9411184830;B
20240117;101524;192.110000000;20;9411185493;S
20240117;101524;192.110000000;10;9411185494;S
20240117;101524;192.110000000;20;9411185495;S
20240117;101524;192.110000000;20;9411185496;S
20240117;101538;192.140000000;60;9411188018;B
20240117;101553;192.190000000;20;9411190165;B
20240117;101553;192.200000000;20;9411190166;B
20240117;101558;192.200000000;10;9411190943;B
20240117;101600;192.160000000;10;9411191277;S
20240117;101600;192.130000000;10;9411191278;S
20240117;101600;192.130000000;20;9411191279;S
20240117;101604;192.190000000;10;9411191754;B
20240117;101606;192.180000000;20;9411192148;B
20240117;101606;192.190000000;10;9411192149;B
20240117;101606;192.200000000;20;9411192150;B
20240117;101608;192.220000000;10;9411192398;B
20240117;101608;192.230000000;20;9411192399;B
20240117;101608;192.240000000;10;9411192400;B
20240117;101608;192.240000000;10;9411192401;B
20240117;101608;192.240000000;40;9411192426;B
20240117;101609;192.240000000;10;9411192684;B
20240117;101610;192.240000000;100;9411192709;B
20240117;101613;192.200000000;30;9411193275;S
20240117;101628;192.230000000;10;9411196441;B
20240117;101628;192.230000000;20;9411196442;B
20240117;101628;192.240000000;990;9411196443;B
20240117;101628;192.240000000;530;9411196444;B
20240117;101628;192.240000000;80;9411196445;B
20240117;101628;192.250000000;60;9411196446;B
20240117;101628;192.250000000;870;9411196447;B
20240117;101628;192.260000000;10;9411196448;B
20240117;101628;192.260000000;430;9411196449;B
20240117;101629;192.210000000;10;9411196485;S
20240117;101629;192.200000000;20;9411196486;S
20240117;101629;192.200000000;30;9411196487;S
20240117;101629;192.200000000;20;9411196488;S
20240117;101639;192.250000000;10;9411198570;B
20240117;101639;192.260000000;90;9411198571;B
20240117;101643;192.210000000;10;9411199074;S
20240117;101643;192.210000000;10;9411199075;S
20240117;101643;192.200000000;50;9411199076;S
20240117;101643;192.160000000;70;9411199077;S
20240117;101643;192.150000000;430;9411199078;S
20240117;101643;192.140000000;20;9411199079;S
20240117;101643;192.140000000;10;9411199080;S
20240117;101651;192.240000000;20;9411200258;B
20240117;101707;192.240000000;50;9411203261;B
20240117;101707;192.250000000;10;9411203262;B
20240117;101707;192.250000000;180;9411203263;B
20240117;101707;192.260000000;530;9411203264;B
20240117;101707;192.260000000;20;9411203265;B
20240117;101707;192.260000000;710;9411203266;B
20240117;101708;192.260000000;70;9411203426;B
20240117;101709;192.260000000;10;9411203606;B
20240117;101709;192.260000000;10;9411203613;B
20240117;101711;192.260000000;200;9411203893;B
20240117;101711;192.270000000;570;9411203894;B
20240117;101713;192.250000000;10;9411204232;S
20240117;101715;192.270000000;10;9411204578;B
20240117;101721;192.270000000;50;9411205884;B
20240117;101725;192.270000000;150;9411206465;B
20240117;101731;192.270000000;10;9411207521;B
20240117;101732;192.270000000;10;9411207660;B
20240117;101733;192.270000000;10;9411207761;B
20240117;101733;192.270000000;50;9411207861;B
20240117;101737;192.250000000;10;9411208345;S
20240117;101737;192.250000000;40;9411208346;S
20240117;101738;192.270000000;20;9411208548;B
20240117;101740;192.270000000;120;9411208986;B
20240117;101740;192.270000000;30;9411208987;B
20240117;101740;192.270000000;10;9411209210;B
20240117;101743;192.250000000;10;9411209668;S
20240117;101743;192.250000000;10;9411209669;S
20240117;101743;192.240000000;40;9411209670;S
20240117;101747;192.270000000;50;9411210281;B
20240117;101748;192.270000000;150;9411210470;B
20240117;101750;192.270000000;10;9411210899;B
20240117;101750;192.270000000;20;9411210900;B
20240117;101803;192.270000000;250;9411213262;B
20240117;101808;192.280000000;10;9411214065;B
20240117;101808;192.280000000;790;9411214067;B
20240117;101808;192.280000000;50;9411214068;B
20240117;101808;192.280000000;80;9411214069;B
20240117;101808;192.280000000;20;9411214070;B
20240117;101808;192.290000000;60;9411214071;B
20240117;101808;192.290000000;970;9411214072;B
20240117;101808;192.290000000;710;9411214073;B
20240117;101809;192.290000000;100;9411214110;B
20240117;101809;192.270000000;20;9411214175;S
20240117;101810;192.290000000;660;9411214308;B
20240117;101810;192.290000000;80;9411214309;B
20240117;101810;192.290000000;50;9411214310;B
20240117;101810;192.290000000;10;9411214311;B
20240117;101810;192.300000000;50;9411214312;B
20240117;101810;192.300000000;20;9411214313;B
20240117;101810;192.300000000;20;9411214314;B
20240117;101810;192.320000000;10;9411214315;B
20240117;101810;192.320000000;50;9411214316;B
20240117;101811;192.330000000;220;9411214360;B
20240117;101811;192.310000000;10;9411214361;S
20240117;101811;192.340000000;80;9411214468;B
20240117;101811;192.350000000;10;9411214469;B
20240117;101811;192.360000000;100;9411214481;B
20240117;101811;192.320000000;500;9411214483;S
20240117;101811;192.320000000;500;9411214484;B
20240117;101816;192.360000000;10;9411215304;B
20240117;101816;192.360000000;20;9411215305;B
20240117;101819;192.360000000;10;9411215616;B
20240117;101819;192.380000000;10;9411215617;B
20240117;101819;192.380000000;480;9411215618;B
20240117;101823;192.380000000;10;9411216073;B
20240117;101823;192.380000000;100;9411216074;B
20240117;101823;192.380000000;10;9411216075;B
20240117;101823;192.380000000;10;9411216076;B
20240117;101823;192.390000000;10;9411216077;B
20240117;101823;192.400000000;50;9411216078;B
20240117;101823;192.400000000;500;9411216079;B
20240117;101823;192.400000000;80;9411216080;B
20240117;101823;192.410000000;10;9411216081;B
20240117;101823;192.410000000;420;9411216082;B
20240117;101823;192.410000000;10;9411216118;S
20240117;101823;192.400000000;30;9411216119;S
20240117;101823;192.430000000;10;9411216122;B
20240117;101823;192.430000000;10;9411216123;B
20240117;101824;192.440000000;10;9411216324;B
20240117;101826;192.400000000;10;9411216620;S
20240117;101829;192.440000000;10;9411217208;B
20240117;101829;192.450000000;20;9411217209;B
20240117;101829;192.450000000;400;9411217210;B
20240117;101829;192.450000000;10;9411217211;B
20240117;101829;192.460000000;260;9411217212;B
20240117;101832;192.420000000;160;9411217762;B
20240117;101833;192.420000000;10;9411217774;B
20240117;101837;192.440000000;20;9411218774;B
20240117;101837;192.450000000;10;9411218775;B
20240117;101837;192.460000000;10;9411218776;B
20240117;101843;192.460000000;100;9411220109;B
20240117;101848;192.460000000;110;9411221460;B
20240117;101848;192.460000000;400;9411221461;B
20240117;101848;192.460000000;20;9411221462;B
20240117;101848;192.460000000;10;9411221463;B
20240117;101848;192.470000000;670;9411221464;B
20240117;101848;192.470000000;10;9411221465;B
20240117;101848;192.480000000;300;9411221466;B
20240117;101848;192.480000000;280;9411221467;B
20240117;101848;192.480000000;1550;9411221468;B
20240117;101848;192.490000000;10;9411221469;B
20240117;101848;192.490000000;2000;9411221470;B
20240117;101848;192.490000000;10;9411221471;B
20240117;101848;192.500000000;60;9411221472;B
20240117;101848;192.500000000;150;9411221473;B
20240117;101848;192.500000000;50;9411221474;B
20240117;101848;192.500000000;50;9411221475;B
20240117;101848;192.500000000;10;9411221476;B
20240117;101848;192.500000000;10;9411221477;B
20240117;101848;192.500000000;10;9411221478;B
20240117;101848;192.500000000;290;9411221479;B
20240117;101848;192.500000000;10;9411221481;B
20240117;101848;192.420000000;40;9411221624;B
20240117;101848;192.420000000;60;9411221625;B
20240117;101849;192.410000000;50;9411221867;S
20240117;101853;192.490000000;10;9411222706;B
20240117;101856;192.400000000;20;9411223408;S
20240117;101856;192.410000000;20;9411223471;B
20240117;101857;192.400000000;160;9411223641;S
20240117;101901;192.490000000;50;9411224368;B
20240117;101901;192.500000000;10;9411224369;B
20240117;101901;192.490000000;100;9411224453;B
20240117;101904;192.490000000;100;9411225057;B
20240117;101905;192.500000000;20;9411225215;B
20240117;101906;192.500000000;200;9411225439;B
20240117;101906;192.500000000;10;9411225440;B
20240117;101910;192.500000000;10;9411226208;B
20240117;101910;192.500000000;10;9411226222;B
20240117;101911;192.490000000;30;9411226486;S
20240117;101916;192.500000000;10;9411227612;B
20240117;101918;192.490000000;10;9411227973;S
20240117;101922;192.500000000;10;9411228642;B
20240117;101922;192.500000000;10;9411228643;B
20240117;101922;192.500000000;80;9411228644;B
20240117;101922;192.500000000;10;9411228645;B
20240117;101924;192.510000000;20;9411229050;B
20240117;101926;192.510000000;30;9411229510;B
20240117;101927;192.520000000;10;9411229753;B
20240117;101927;192.530000000;10;9411229754;B
20240117;101927;192.530000000;10;9411229755;B
20240117;101927;192.540000000;70;9411229756;B
20240117;101927;192.500000000;10;9411229777;S
20240117;101928;192.540000000;100;9411229971;B
20240117;101928;192.540000000;300;9411229992;B
20240117;101930;192.500000000;10;9411230264;S
20240117;101930;192.500000000;180;9411230265;S
20240117;101941;192.510000000;100;9411231761;B
20240117;101941;192.510000000;10;9411231762;B
20240117;101941;192.520000000;70;9411231763;B
20240117;101941;192.530000000;170;9411231764;B
20240117;101941;192.500000000;20;9411231841;S
20240117;101941;192.500000000;10;9411231842;S
20240117;101941;192.490000000;480;9411231843;S
20240117;101941;192.490000000;10;9411231844;S
20240117;101941;192.490000000;10;9411231845;S
20240117;101941;192.490000000;10;9411231846;S
20240117;101941;192.490000000;10;9411231847;S
20240117;101942;192.510000000;10;9411231877;B
20240117;101942;192.530000000;10;9411231878;B
20240117;101946;192.520000000;10;9411232465;B
20240117;101946;192.530000000;110;9411232487;B
20240117;101951;192.520000000;10;9411233062;B
20240117;101951;192.520000000;10;9411233063;B
20240117;101951;192.530000000;50;9411233064;B
20240117;101951;192.530000000;40;9411233110;B
20240117;101952;192.510000000;20;9411233270;S
20240117;101953;192.540000000;200;9411233327;B
20240117;101958;192.520000000;10;9411234110;S
20240117;101958;192.510000000;230;9411234111;S
20240117;101958;192.510000000;10;9411234112;S
20240117;101958;192.470000000;70;9411234113;S
20240117;101958;192.460000000;10;9411234114;S
20240117;101958;192.400000000;10;9411234115;S
20240117;101958;192.400000000;100;9411234116;S
20240117;101958;192.400000000;110;9411234117;S
20240117;102007;192.480000000;10;9411235347;B
20240117;102007;192.480000000;10;9411235348;B
20240117;102007;192.500000000;10;9411235349;B
20240117;102007;192.500000000;20;9411235350;B
20240117;102018;192.400000000;10;9411237527;S
20240117;102020;192.460000000;100;9411237913;B
20240117;102020;192.460000000;10;9411237914;B
20240117;102020;192.470000000;10;9411237915;B
20240117;102020;192.480000000;70;9411237916;B
20240117;102020;192.480000000;10;9411237917;B
20240117;102020;192.490000000;170;9411237918;B
20240117;102020;192.500000000;380;9411237919;B
20240117;102022;192.490000000;90;9411238426;B
20240117;102024;192.490000000;10;9411238837;B
20240117;102024;192.500000000;40;9411238838;B
20240117;102025;192.500000000;10;9411238986;S
20240117;102025;192.500000000;1940;9411239010;S
20240117;102025;192.490000000;10;9411239011;S
20240117;102035;192.490000000;50;9411240751;B
20240117;102035;192.490000000;10;9411240752;B
20240117;102035;192.490000000;40;9411240753;S
20240117;102039;192.410000000;10;9411241205;S
20240117;102040;192.500000000;10;9411241348;B
20240117;102040;192.500000000;10;9411241349;B
20240117;102040;192.500000000;10;9411241350;B
20240117;102044;192.410000000;40;9411242035;S
20240117;102044;192.400000000;10;9411242036;S
20240117;102048;192.500000000;20;9411242763;B
20240117;102057;192.500000000;10;9411243941;B
20240117;102057;192.500000000;10;9411243942;B
20240117;102057;192.500000000;90;9411243943;B
20240117;102057;192.500000000;10;9411244046;B
20240117;102102;192.500000000;50;9411244570;B
20240117;102109;192.490000000;10;9411245485;B
20240117;102112;192.400000000;10;9411245865;S
20240117;102112;192.400000000;10;9411245866;S
20240117;102112;192.400000000;30;9411245867;S
20240117;102112;192.400000000;20;9411245868;S
20240117;102112;192.400000000;200;9411245869;S
20240117;102112;192.400000000;10;9411245870;S
20240117;102112;192.400000000;10;9411245871;S
20240117;102112;192.400000000;10;9411245872;S
20240117;102117;192.400000000;140;9411246459;S
20240117;102117;192.400000000;10;9411246460;S
20240117;102120;192.360000000;200;9411246943;S
20240117;102125;192.400000000;50;9411247546;B
20240117;102125;192.400000000;10;9411247547;B
20240117;102125;192.420000000;10;9411247548;B
20240117;102125;192.480000000;180;9411247549;B
20240117;102126;192.480000000;30;9411247587;B
20240117;102133;192.490000000;10;9411249385;B
20240117;102148;192.390000000;10;9411251986;S
20240117;102151;192.480000000;10;9411252507;B
20240117;102153;192.480000000;10;9411253062;B
20240117;102200;192.480000000;200;9411254374;B
20240117;102202;192.480000000;10;9411254736;B
20240117;102204;192.480000000;10;9411255267;B
20240117;102206;192.480000000;10;9411255837;B
20240117;102210;192.480000000;350;9411256649;B
20240117;102210;192.480000000;10;9411256650;B
20240117;102210;192.480000000;20;9411256651;B
20240117;102210;192.490000000;10;9411256652;B
20240117;102210;192.500000000;350;9411256653;B
20240117;102210;192.500000000;10;9411256654;B
20240117;102210;192.500000000;10;9411256655;B
20240117;102210;192.500000000;40;9411256656;B
20240117;102210;192.500000000;10;9411256657;B
20240117;102210;192.500000000;10;9411256658;B
20240117;102210;192.500000000;10;9411256659;B
20240117;102210;192.500000000;10;9411256660;B
20240117;102210;192.500000000;10;9411256661;B
20240117;102210;192.500000000;50;9411256662;B
20240117;102210;192.500000000;10;9411256663;B
20240117;102210;192.500000000;100;9411256664;B
20240117;102210;192.500000000;10;9411256665;B
20240117;102210;192.510000000;980;9411256666;B
20240117;102211;192.510000000;50;9411256791;B
20240117;102216;192.480000000;10;9411257598;S
20240117;102216;192.480000000;40;9411257599;S
20240117;102223;192.500000000;10;9411259144;B
20240117;102223;192.510000000;90;9411259145;B
20240117;102228;192.500000000;10;9411260340;B
20240117;102229;192.510000000;10;9411260397;B
20240117;102233;192.510000000;10;9411261347;B
20240117;102241;192.450000000;40;9411263057;S
20240117;102242;192.440000000;10;9411263262;S
20240117;102242;192.410000000;70;9411263263;S
20240117;102242;192.400000000;20;9411263264;S
20240117;102242;192.400000000;50;9411263265;S
20240117;102247;192.460000000;10;9411264215;B
20240117;102249;192.460000000;10;9411264487;B
20240117;102249;192.460000000;10;9411264519;B
20240117;102250;192.460000000;10;9411264727;B
20240117;102250;192.450000000;20;9411264733;S
20240117;102250;192.400000000;70;9411264734;S
20240117;102250;192.400000000;10;9411264735;S
20240117;102251;192.440000000;30;9411264958;B
20240117;102251;192.470000000;20;9411264959;B
20240117;102251;192.470000000;10;9411264960;B
20240117;102251;192.480000000;30;9411264961;B
20240117;102251;192.500000000;50;9411264962;B
20240117;102251;192.500000000;50;9411264963;B
20240117;102251;192.510000000;10;9411264964;B
20240117;102254;192.420000000;20;9411265548;S
20240117;102254;192.420000000;10;9411265549;S
20240117;102254;192.410000000;20;9411265550;S
20240117;102254;192.410000000;1880;9411265551;S
20240117;102254;192.410000000;70;9411265552;S
20240117;102254;192.400000000;200;9411265553;S
20240117;102254;192.400000000;200;9411265554;S
20240117;102254;192.390000000;40;9411265555;S
20240117;102254;192.390000000;500;9411265556;S
20240117;102254;192.370000000;50;9411265557;S
20240117;102254;192.370000000;10;9411265629;B
20240117;102255;192.360000000;480;9411265839;S
20240117;102255;192.360000000;150;9411265840;S
20240117;102255;192.360000000;540;9411265841;S
20240117;102255;192.360000000;160;9411265843;S
20240117;102255;192.350000000;10;9411265844;S
20240117;102256;192.340000000;10;9411265977;S
20240117;102256;192.340000000;10;9411265981;S
20240117;102256;192.340000000;190;9411265983;S
20240117;102257;192.350000000;20;9411266220;B
20240117;102257;192.360000000;10;9411266221;B
20240117;102257;192.360000000;10;9411266222;B
20240117;102306;192.330000000;80;9411268381;S
20240117;102306;192.360000000;10;9411268402;B
20240117;102308;192.310000000;10;9411268726;S
20240117;102312;192.330000000;10;9411269521;B
20240117;102312;192.330000000;10;9411269522;B
20240117;102312;192.340000000;280;9411269523;B
20240117;102314;192.300000000;10;9411269797;S
20240117;102319;192.300000000;90;9411270816;S
20240117;102319;192.330000000;10;9411270945;B
20240117;102319;192.340000000;30;9411270946;B
20240117;102326;192.330000000;10;9411272100;B
20240117;102326;192.340000000;760;9411272101;B
20240117;102326;192.340000000;10;9411272102;B
20240117;102326;192.360000000;10;9411272103;B
20240117;102326;192.360000000;140;9411272104;B
20240117;102332;192.300000000;10;9411273181;S
20240117;102333;192.300000000;80;9411273377;S
20240117;102339;192.330000000;10;9411274185;B
20240117;102339;192.330000000;10;9411274186;B
20240117;102339;192.340000000;10;9411274187;B
20240117;102339;192.350000000;10;9411274188;B
20240117;102339;192.350000000;10;9411274189;B
20240117;102339;192.360000000;200;9411274190;B
20240117;102348;192.330000000;10;9411275494;S
20240117;102358;192.330000000;10;9411276928;B
20240117;102358;192.330000000;10;9411276929;B
20240117;102358;192.340000000;10;9411276930;B
20240117;102424;192.330000000;10;9411281397;B
20240117;102425;192.330000000;10;9411281517;B
20240117;102431;192.320000000;10;9411282423;B
20240117;102435;192.320000000;10;9411283287;B
20240117;102435;192.320000000;10;9411283288;B
20240117;102435;192.320000000;10;9411283289;B
20240117;102435;192.330000000;10;9411283290;B
20240117;102435;192.330000000;10;9411283291;B
20240117;102435;192.330000000;200;9411283292;B
20240117;102441;192.300000000;90;9411284341;S
20240117;102441;192.320000000;10;9411284344;B
20240117;102441;192.330000000;190;9411284345;B
20240117;102442;192.320000000;10;9411284492;S
20240117;102444;192.290000000;150;9411284643;S
20240117;102448;192.280000000;20;9411285263;S
20240117;102452;192.290000000;50;9411285994;S
20240117;102455;192.280000000;80;9411286362;S
20240117;102455;192.280000000;10;9411286363;S
20240117;102455;192.270000000;10;9411286364;S
20240117;102457;192.280000000;10;9411286708;B
20240117;102457;192.290000000;10;9411286709;B
20240117;102457;192.310000000;10;9411286710;B
20240117;102457;192.310000000;10;9411286711;B
20240117;102457;192.320000000;490;9411286712;B
20240117;102457;192.320000000;10;9411286713;B
20240117;102457;192.320000000;760;9411286714;B
20240117;102459;192.250000000;20;9411287032;S
20240117;102515;192.310000000;10;9411289096;B
20240117;102515;192.310000000;10;9411289097;B
20240117;102515;192.320000000;420;9411289098;B
20240117;102519;192.310000000;10;9411289549;B
20240117;102519;192.310000000;10;9411289550;B
20240117;102519;192.320000000;130;9411289551;B
20240117;102531;192.260000000;10;9411291126;S
20240117;102531;192.250000000;10;9411291127;S
20240117;102534;192.310000000;10;9411291406;B
20240117;102534;192.310000000;10;9411291407;B
20240117;102534;192.310000000;30;9411291408;B
20240117;102537;192.310000000;20;9411291828;B
20240117;102537;192.320000000;230;9411291829;B
20240117;102537;192.320000000;10;9411291830;B
20240117;102537;192.330000000;500;9411291831;B
20240117;102537;192.320000000;680;9411291832;S
20240117;102537;192.320000000;60;9411291833;S
20240117;102537;192.320000000;680;9411291834;S
20240117;102537;192.320000000;320;9411291835;S
20240117;102537;192.330000000;4310;9411291836;B
20240117;102537;192.330000000;10;9411291837;B
20240117;102537;192.340000000;70;9411291838;B
20240117;102537;192.340000000;10;9411291839;B
20240117;102537;192.340000000;10;9411291840;B
20240117;102537;192.340000000;90;9411291841;B
20240117;102539;192.320000000;50;9411292110;S
20240117;102544;192.280000000;10;9411292663;S
20240117;102547;192.280000000;860;9411292936;S
20240117;102547;192.270000000;10;9411292937;S
20240117;102547;192.250000000;120;9411292938;S
20240117;102547;192.250000000;10;9411292939;S
20240117;102547;192.330000000;10;9411292980;B
20240117;102547;192.330000000;10;9411292981;B
20240117;102547;192.340000000;330;9411292982;B
20240117;102548;192.270000000;30;9411293134;S
20240117;102550;192.280000000;350;9411293389;S
20240117;102554;192.270000000;10;9411293747;S
20240117;102554;192.270000000;10;9411293748;S
20240117;102603;192.250000000;40;9411294634;S
20240117;102604;192.250000000;10;9411294679;S
20240117;102604;192.250000000;10;9411294680;S
20240117;102604;192.250000000;20;9411294683;S
20240117;102604;192.250000000;10;9411294684;S
20240117;102604;192.250000000;10;9411294687;S
20240117;102604;192.250000000;10;9411294688;S
20240117;102604;192.250000000;10;9411294689;S
20240117;102604;192.250000000;10;9411294690;S
20240117;102604;192.250000000;10;9411294691;S
20240117;102604;192.250000000;10;9411294692;S
20240117;102604;192.250000000;10;9411294693;S
20240117;102604;192.250000000;10;9411294694;S
20240117;102604;192.250000000;10;9411294696;S
20240117;102604;192.250000000;10;9411294697;S
20240117;102604;192.250000000;10;9411294698;S
20240117;102604;192.250000000;10;9411294699;S
20240117;102604;192.250000000;10;9411294700;S
20240117;102604;192.250000000;40;9411294701;S
20240117;102604;192.250000000;10;9411294702;S
20240117;102604;192.250000000;10;9411294703;S
20240117;102604;192.250000000;70;9411294704;S
20240117;102604;192.250000000;10;9411294705;S
20240117;102604;192.250000000;20;9411294706;S
20240117;102604;192.250000000;10;9411294709;S
20240117;102604;192.250000000;10;9411294710;S
20240117;102604;192.250000000;20;9411294711;S
20240117;102604;192.250000000;10;9411294712;S
20240117;102604;192.250000000;10;9411294713;S
20240117;102604;192.250000000;10;9411294714;S
20240117;102604;192.250000000;110;9411294715;S
20240117;102604;192.240000000;10;9411294716;S
20240117;102604;192.240000000;30;9411294718;S
20240117;102604;192.240000000;80;9411294719;S
20240117;102604;192.240000000;10;9411294720;S
20240117;102604;192.240000000;20;9411294721;S
20240117;102604;192.240000000;10;9411294724;S
20240117;102604;192.240000000;10;9411294727;S
20240117;102604;192.240000000;10;9411294728;S
20240117;102604;192.240000000;10;9411294730;S
20240117;102604;192.240000000;10;9411294731;S
20240117;102604;192.240000000;10;9411294732;S
20240117;102604;192.240000000;10;9411294733;S
20240117;102604;192.240000000;40;9411294734;S
20240117;102604;192.240000000;10;9411294735;S
20240117;102604;192.240000000;10;9411294737;S
20240117;102604;192.240000000;10;9411294740;S
20240117;102604;192.240000000;10;9411294742;S
20240117;102604;192.240000000;10;9411294745;S
20240117;102604;192.220000000;10;9411294746;S
20240117;102604;192.210000000;10;9411294747;S
20240117;102604;192.210000000;10;9411294748;S
20240117;102604;192.210000000;60;9411294754;S
20240117;102604;192.210000000;10;9411294798;S
20240117;102604;192.210000000;10;9411294801;S
20240117;102605;192.210000000;10;9411294821;S
20240117;102605;192.210000000;10;9411294822;S
20240117;102605;192.210000000;10;9411294888;S
20240117;102606;192.210000000;40;9411294929;S
20240117;102606;192.210000000;10;9411294940;S
20240117;102606;192.210000000;10;9411294949;S
20240117;102606;192.210000000;10;9411294965;S
20240117;102607;192.210000000;10;9411295073;S
20240117;102608;192.200000000;10;9411295229;S
20240117;102608;192.200000000;10;9411295230;S
20240117;102608;192.200000000;10;9411295232;S
20240117;102609;192.200000000;10;9411295245;S
20240117;102609;192.200000000;10;9411295292;S
20240117;102609;192.200000000;20;9411295331;S
20240117;102609;192.200000000;100;9411295362;S
20240117;102610;192.200000000;10;9411295445;S
20240117;102611;192.200000000;20;9411295520;S
20240117;102611;192.200000000;10;9411295568;S
20240117;102612;192.200000000;10;9411295644;S
20240117;102612;192.200000000;20;9411295646;S
20240117;102612;192.200000000;10;9411295647;S
20240117;102612;192.200000000;40;9411295648;S
20240117;102612;192.200000000;50;9411295649;S
20240117;102612;192.200000000;10;9411295655;S
20240117;102612;192.200000000;10;9411295658;S
20240117;102613;192.200000000;10;9411295686;S
20240117;102613;192.200000000;10;9411295709;S
20240117;102613;192.200000000;30;9411295774;S
20240117;102614;192.200000000;10;9411295801;S
20240117;102615;192.200000000;10;9411295905;S
20240117;102615;192.200000000;10;9411295911;S
20240117;102615;192.200000000;10;9411295982;S
20240117;102616;192.200000000;10;9411295994;S
20240117;102616;192.200000000;10;9411295995;S
20240117;102616;192.200000000;20;9411296024;S
20240117;102617;192.200000000;10;9411296124;S
20240117;102618;192.200000000;40;9411296253;S
20240117;102620;192.200000000;10;9411296395;S
20240117;102622;192.200000000;10;9411296571;S
20240117;102628;192.200000000;70;9411297351;S
20240117;102629;192.200000000;10;9411297368;S
20240117;102631;192.200000000;30;9411297590;S
20240117;102635;192.200000000;30;9411298095;S
20240117;102640;192.240000000;10;9411298570;B
20240117;102642;192.200000000;120;9411298774;S
20240117;102647;192.260000000;10;9411299313;B
20240117;102656;192.210000000;10;9411300544;S
20240117;102656;192.200000000;1590;9411300545;S
20240117;102656;192.200000000;10;9411300546;S
20240117;102656;192.200000000;500;9411300547;S
20240117;102656;192.200000000;30;9411300548;S
20240117;102656;192.180000000;10;9411300549;S
20240117;102656;192.150000000;10;9411300550;S
20240117;102656;192.150000000;80;9411300551;S
20240117;102656;192.150000000;10;9411300552;S
20240117;102656;192.130000000;10;9411300553;S
20240117;102656;192.120000000;200;9411300554;S
20240117;102656;192.120000000;250;9411300555;S
20240117;102656;192.120000000;10;9411300556;S
20240117;102656;192.110000000;10;9411300557;S
20240117;102656;192.110000000;70;9411300558;S
20240117;102656;192.110000000;1750;9411300559;S
20240117;102656;192.100000000;500;9411300560;S
20240117;102656;192.100000000;10;9411300561;S
20240117;102656;192.100000000;10;9411300562;S
20240117;102656;192.100000000;10;9411300563;S
20240117;102656;192.100000000;10;9411300564;S
20240117;102656;192.090000000;1560;9411300565;S
20240117;102656;192.060000000;10;9411300566;S
20240117;102656;192.050000000;10;9411300567;S
20240117;102656;192.050000000;210;9411300568;S
20240117;102656;192.050000000;10;9411300569;S
20240117;102656;192.040000000;40;9411300570;S
20240117;102656;192.040000000;500;9411300571;S
20240117;102656;192.030000000;70;9411300572;S
20240117;102656;192.180000000;10;9411300589;B
20240117;102700;192.150000000;20;9411300957;B
20240117;102702;192.130000000;10;9411301141;B
20240117;102707;192.140000000;520;9411301650;B
20240117;102714;192.010000000;20;9411302607;S
20240117;102714;192.010000000;50;9411302608;S
20240117;102718;192.100000000;20;9411303123;S
20240117;102721;192.170000000;10;9411303412;B
20240117;102721;192.190000000;90;9411303413;B
20240117;102724;192.050000000;100;9411303742;S
20240117;102724;192.040000000;100;9411303743;S
20240117;102724;192.030000000;10;9411303744;S
20240117;102724;192.030000000;90;9411303745;S
20240117;102724;192.020000000;500;9411303746;S
20240117;102724;192.020000000;10;9411303747;S
20240117;102724;192.010000000;1000;9411303748;S
20240117;102724;192.010000000;50;9411303749;S
20240117;102724;192.010000000;150;9411303750;S
20240117;102724;192.000000000;40;9411303751;S
20240117;102724;192.000000000;1000;9411303752;S
20240117;102724;192.000000000;10;9411303753;S
20240117;102724;192.000000000;60;9411303754;S
20240117;102724;192.000000000;10;9411303755;S
20240117;102724;192.000000000;20;9411303756;S
20240117;102724;192.000000000;100;9411303757;S
20240117;102724;192.000000000;150;9411303758;S
20240117;102724;192.000000000;100;9411303759;S
20240117;102724;192.000000000;10;9411303760;S
20240117;102724;192.000000000;10;9411303761;S
20240117;102724;192.000000000;150;9411303762;S
20240117;102724;192.000000000;10;9411303763;S
20240117;102724;192.000000000;100;9411303764;S
20240117;102724;192.000000000;20;9411303765;S
20240117;102724;192.000000000;100;9411303766;S
20240117;102724;192.000000000;10;9411303767;S
20240117;102724;192.000000000;10;9411303768;S
20240117;102724;192.000000000;10;9411303769;S
20240117;102724;192.000000000;10;9411303770;S
20240117;102724;192.000000000;170;9411303771;S
20240117;102725;192.150000000;10;9411303827;B
20240117;102729;192.010000000;10;9411304213;S
20240117;102736;192.110000000;10;9411304948;B
20240117;102749;192.140000000;50;9411306794;B
20240117;102812;192.140000000;10;9411309499;B
20240117;102830;192.140000000;10;9411311434;B
20240117;102854;192.130000000;10;9411314000;S
20240117;102910;192.120000000;10;9411316125;B
20240117;102940;192.050000000;10;9411320407;S
20240117;102940;192.050000000;10;9411320408;S
20240117;102940;192.040000000;150;9411320409;S
20240117;102940;192.030000000;80;9411320410;S
20240117;102940;192.020000000;20;9411320411;S
20240117;102940;192.020000000;10;9411320412;S
20240117;102940;192.020000000;10;9411320413;S
20240117;102940;192.000000000;40;9411320414;S
20240117;102940;192.000000000;10;9411320415;S
20240117;102940;192.000000000;10;9411320416;S
20240117;102940;192.000000000;10;9411320417;S
20240117;102940;192.000000000;10;9411320418;S
20240117;102940;192.000000000;10;9411320419;S
20240117;102940;192.000000000;50;9411320420;S
20240117;102940;192.000000000;50;9411320421;S
20240117;102940;192.000000000;10;9411320422;S
20240117;102940;191.990000000;380;9411320423;S
20240117;102940;192.000000000;360;9411320498;S
20240117;102940;191.990000000;10;9411320499;S
20240117;102940;191.980000000;30;9411320500;S
20240117;102940;191.970000000;10;9411320501;S
20240117;102940;191.970000000;40;9411320502;S
20240117;102940;191.970000000;50;9411320503;S
20240117;102940;191.970000000;250;9411320504;S
20240117;102945;192.110000000;30;9411320988;B
20240117;102953;192.000000000;10;9411322002;S
20240117;102954;192.000000000;10;9411322071;S
20240117;103008;192.050000000;20;9411324089;B
20240117;103016;192.050000000;10;9411325352;B
20240117;103018;192.000000000;20;9411325819;S
20240117;103018;192.000000000;20;9411325820;S
20240117;103018;191.990000000;10;9411325821;S
20240117;103018;191.990000000;530;9411325822;S
20240117;103018;191.980000000;470;9411325823;S
20240117;103019;192.050000000;20;9411325849;B
20240117;103028;191.980000000;10;9411327244;S
20240117;103028;191.970000000;500;9411327245;S
20240117;103028;191.960000000;60;9411327246;S
20240117;103028;191.950000000;20;9411327247;S
20240117;103028;191.950000000;50;9411327248;S
20240117;103028;191.950000000;10;9411327249;S
20240117;103028;191.950000000;1000;9411327250;S
20240117;103028;191.940000000;950;9411327251;S
20240117;103028;191.930000000;30;9411327273;S
20240117;103028;191.930000000;10;9411327296;S
20240117;103033;192.030000000;60;9411328170;B
20240117;103043;192.040000000;30;9411330034;B
20240117;103043;192.040000000;10;9411330035;B
20240117;103043;192.050000000;100;9411330036;B
20240117;103043;192.050000000;50;9411330037;B
20240117;103043;192.080000000;10;9411330038;B
20240117;103043;192.100000000;800;9411330039;B
20240117;103054;192.130000000;20;9411332379;B
20240117;103112;192.120000000;20;9411335868;B
20240117;103116;192.070000000;10;9411336674;S
20240117;103117;192.120000000;70;9411336940;B
20240117;103117;192.130000000;130;9411336941;B
20240117;103131;192.040000000;30;9411339345;S
20240117;103133;192.050000000;100;9411339815;B
20240117;103135;192.040000000;150;9411340165;S
20240117;103136;192.050000000;10;9411340446;B
20240117;103139;192.050000000;10;9411340969;B
20240117;103144;192.050000000;20;9411342272;B
20240117;103145;192.050000000;10;9411342431;B
20240117;103150;192.050000000;50;9411343411;B
20240117;103152;192.050000000;10;9411343841;B
20240117;103152;192.040000000;10;9411343908;S
20240117;103156;192.040000000;60;9411344939;S
20240117;103156;192.040000000;200;9411344940;S
20240117;103156;192.030000000;10;9411344941;S
20240117;103156;192.010000000;200;9411344942;S
20240117;103156;192.000000000;20;9411344943;S
20240117;103156;192.000000000;10;9411344944;S
20240117;103156;192.000000000;30;9411344945;S
20240117;103156;191.950000000;300;9411344946;S
20240117;103156;191.940000000;800;9411344947;S
20240117;103156;191.930000000;10;9411344948;S
20240117;103156;191.920000000;100;9411344949;S
20240117;103157;191.930000000;10;9411345009;S
20240117;103206;192.050000000;270;9411346957;B
20240117;103210;192.040000000;60;9411347730;B
20240117;103210;192.040000000;140;9411347731;S
20240117;103210;192.050000000;50;9411348036;B
20240117;103212;192.050000000;10;9411348563;B
20240117;103216;192.050000000;110;9411349200;B
20240117;103216;192.050000000;90;9411349201;S
20240117;103230;192.090000000;10;9411351594;B
20240117;103237;192.100000000;10;9411353234;B
20240117;103237;192.110000000;30;9411353235;B
20240117;103300;192.100000000;10;9411357118;B
20240117;103300;192.100000000;40;9411357119;B
20240117;103310;192.080000000;70;9411358961;S
20240117;103310;192.090000000;10;9411358985;B
20240117;103351;192.080000000;10;9411363964;B
20240117;103351;192.080000000;10;9411363965;S
20240117;103353;192.090000000;10;9411364431;B
20240117;103355;192.090000000;10;9411364666;B
20240117;103357;192.030000000;10;9411365014;S
20240117;103406;192.090000000;20;9411366228;B
20240117;103412;192.090000000;20;9411367469;B
20240117;103432;192.090000000;140;9411370180;B
20240117;103439;192.090000000;10;9411370861;S
20240117;103445;192.100000000;10;9411371796;B
20240117;103452;192.100000000;10;9411372988;B
20240117;103456;192.090000000;60;9411373610;S
20240117;103456;192.090000000;10;9411373611;S
20240117;103456;192.090000000;10;9411373612;S
20240117;103511;192.100000000;10;9411376049;B
20240117;103513;192.100000000;10;9411376344;B
20240117;103514;192.100000000;10;9411376439;B
20240117;103520;192.100000000;20;9411377510;B
20240117;103526;192.100000000;10;9411378217;B
20240117;103526;192.100000000;50;9411378223;B
20240117;103527;192.090000000;10;9411378280;S
20240117;103527;192.090000000;60;9411378281;S
20240117;103527;192.090000000;10;9411378282;S
20240117;103527;192.090000000;120;9411378283;S
20240117;103535;192.100000000;20;9411379257;B
20240117;103535;192.100000000;50;9411379330;B
20240117;103544;192.100000000;20;9411380698;B
20240117;103553;192.100000000;30;9411382190;B
20240117;103610;192.080000000;10;9411384628;S
20240117;103615;192.100000000;60;9411385114;B
20240117;103642;192.100000000;120;9411388614;B
20240117;103653;192.100000000;20;9411389865;B
20240117;103655;192.100000000;10;9411390082;B
20240117;103655;192.100000000;50;9411390083;B
20240117;103655;192.120000000;10;9411390084;B
20240117;103655;192.120000000;30;9411390085;B
20240117;103659;192.060000000;10;9411390657;S
20240117;103659;192.060000000;20;9411390658;S
20240117;103659;192.050000000;10;9411390659;S
20240117;103659;192.030000000;130;9411390660;S
20240117;103659;192.020000000;10;9411390661;S
20240117;103659;192.020000000;90;9411390662;S
20240117;103711;192.030000000;10;9411392452;S
20240117;103711;192.030000000;140;9411392453;S
20240117;103711;192.020000000;10;9411392454;S
20240117;103711;192.020000000;20;9411392455;S
20240117;103711;192.010000000;20;9411392456;S
20240117;103711;192.100000000;140;9411392469;B
20240117;103727;192.050000000;10;9411394582;S
20240117;103727;192.040000000;10;9411394583;S
20240117;103727;192.040000000;140;9411394584;S
20240117;103727;192.020000000;20;9411394585;S
20240117;103727;192.020000000;30;9411394586;S
20240117;103727;192.020000000;100;9411394587;S
20240117;103727;192.010000000;60;9411394588;S
20240117;103727;192.010000000;10;9411394589;S
20240117;103727;192.010000000;20;9411394590;S
20240117;103727;192.010000000;10;9411394591;S
20240117;103727;192.010000000;170;9411394592;S
20240117;103727;192.000000000;420;9411394593;S
20240117;103727;192.010000000;10;9411394753;S
20240117;103740;192.100000000;10;9411396771;S
20240117;103755;192.090000000;10;9411399461;B
20240117;103802;192.090000000;20;9411400480;B
20240117;103803;192.040000000;10;9411400577;S
20240117;103823;192.040000000;10;9411403536;S
20240117;103832;192.040000000;10;9411404829;S
20240117;103832;192.040000000;20;9411404830;S
20240117;103832;192.040000000;10;9411404831;S
20240117;103832;192.030000000;60;9411404832;S
20240117;103836;192.100000000;10;9411405402;B
20240117;103836;192.100000000;430;9411405403;B
20240117;103838;192.130000000;10;9411405731;B
20240117;103838;192.080000000;140;9411405752;S
20240117;103838;192.070000000;10;9411405753;S
20240117;103848;192.130000000;90;9411406916;B
20240117;103900;192.090000000;600;9411408115;S
20240117;103900;192.090000000;10;9411408116;S
20240117;103900;192.080000000;140;9411408117;S
20240117;103900;192.050000000;10;9411408118;S
20240117;103900;192.040000000;10;9411408119;S
20240117;103900;192.020000000;10;9411408120;S
20240117;103900;192.020000000;50;9411408121;S
20240117;103900;192.020000000;450;9411408122;S
20240117;103900;192.010000000;20;9411408123;S
20240117;103900;192.000000000;80;9411408124;S
20240117;103900;192.000000000;10;9411408125;S
20240117;103900;192.000000000;20;9411408126;S
20240117;103900;192.000000000;500;9411408127;S
20240117;103900;192.000000000;30;9411408128;S
20240117;103900;192.000000000;10;9411408129;S
20240117;103900;192.000000000;10;9411408130;S
20240117;103900;192.000000000;350;9411408131;S
20240117;103900;192.000000000;370;9411408132;B
20240117;103900;192.000000000;100;9411408134;B
20240117;103913;191.970000000;10;9411409509;S
20240117;103913;191.970000000;30;9411409510;S
20240117;103913;191.970000000;190;9411409511;S
20240117;103913;191.970000000;20;9411409512;S
20240117;103913;191.960000000;50;9411409513;S
20240117;103913;191.950000000;30;9411409514;S
20240117;103913;191.950000000;10;9411409515;S
20240117;103913;191.940000000;50;9411409516;S
20240117;103913;191.930000000;20;9411409517;S
20240117;103913;191.930000000;200;9411409518;S
20240117;103913;191.920000000;260;9411409519;S
20240117;103913;191.920000000;130;9411409520;S
20240117;103930;191.960000000;10;9411411341;B
20240117;103932;191.960000000;10;9411411548;B
20240117;103933;191.960000000;10;9411411578;B
20240117;103933;191.970000000;20;9411411579;B
20240117;103933;191.980000000;50;9411411580;B
20240117;103943;191.960000000;20;9411412805;S
20240117;103943;191.960000000;40;9411412806;S
20240117;103943;191.960000000;20;9411412807;S
20240117;103943;191.950000000;200;9411412808;S
20240117;103943;191.940000000;40;9411412809;S
20240117;103943;191.920000000;100;9411412810;S
20240117;103943;191.910000000;200;9411412811;S
20240117;103943;191.910000000;90;9411412812;S
20240117;103943;191.910000000;30;9411412813;S
20240117;103943;191.900000000;260;9411412814;S
20240117;103943;191.900000000;410;9411412877;S
20240117;103943;191.900000000;10;9411412878;S
20240117;103943;191.900000000;780;9411412879;S
20240117;103952;191.960000000;10;9411413731;B
20240117;103958;191.910000000;100;9411414394;S
20240117;104003;191.960000000;500;9411415359;B
20240117;104005;191.910000000;400;9411415540;S
20240117;104005;191.910000000;150;9411415541;S
20240117;104017;191.990000000;20;9411417030;B
20240117;104017;192.000000000;280;9411417031;B
20240117;104021;192.000000000;20;9411417499;B
20240117;104022;192.000000000;1010;9411417665;B
20240117;104030;192.000000000;40;9411418492;B
20240117;104035;191.990000000;10;9411419235;B
20240117;104035;192.000000000;60;9411419236;B
20240117;104036;192.000000000;10;9411419326;B
20240117;104045;192.000000000;10;9411420372;B
20240117;104047;192.000000000;20;9411420546;B
20240117;104112;192.000000000;25000;9411423480;B
20240117;104112;192.000000000;770;9411423481;B
20240117;104112;192.000000000;20;9411423482;B
20240117;104118;192.030000000;280;9411424112;S
20240117;104118;192.010000000;160;9411424113;S
20240117;104118;192.000000000;100;9411424114;S
20240117;104121;192.000000000;1230;9411424504;B
20240117;104124;192.000000000;1500;9411424807;B
20240117;104133;192.000000000;1810;9411425696;B
20240117;104133;192.000000000;130;9411425697;B
20240117;104134;192.000000000;30;9411425710;B
20240117;104134;192.000000000;60;9411425711;B
20240117;104134;192.000000000;60;9411425733;B
20240117;104134;192.000000000;20;9411425734;B
20240117;104134;192.000000000;20;9411425735;B
20240117;104135;192.000000000;40;9411425899;B
20240117;104136;192.000000000;20;9411426007;B
20240117;104138;192.000000000;50;9411426164;B
20240117;104139;192.000000000;10;9411426251;B
20240117;104140;192.000000000;30;9411426420;B
20240117;104141;192.000000000;10;9411426602;B
20240117;104141;192.000000000;3400;9411426603;B
20240117;104142;192.000000000;60;9411426745;B
20240117;104143;192.000000000;160;9411426836;B
20240117;104145;192.000000000;50;9411426967;B
20240117;104146;192.000000000;200;9411427059;B
20240117;104147;192.000000000;5230;9411427136;B
20240117;104147;192.000000000;40;9411427189;B
20240117;104147;192.000000000;370;9411427190;B
20240117;104148;192.000000000;10;9411427267;B
20240117;104150;192.000000000;10;9411427381;B
20240117;104150;191.990000000;20;9411427382;S
20240117;104150;192.000000000;10;9411427415;B
20240117;104151;192.000000000;500;9411427586;B
20240117;104156;192.000000000;50;9411428231;B
20240117;104158;192.000000000;100;9411428484;B
20240117;104159;192.000000000;10;9411428643;B
20240117;104159;192.000000000;20;9411428707;B
20240117;104202;192.000000000;20;9411429020;B
20240117;104203;192.000000000;140;9411429036;B
20240117;104203;192.000000000;120;9411429207;B
20240117;104208;192.000000000;10;9411429960;B
20240117;104211;192.000000000;1570;9411430545;B
20240117;104212;192.000000000;90;9411430644;B
20240117;104212;192.000000000;10;9411430645;B
20240117;104214;192.000000000;70;9411431039;B
20240117;104216;192.000000000;30;9411431368;B
20240117;104217;192.000000000;10;9411431562;B
20240117;104217;192.000000000;100;9411431570;B
20240117;104218;192.000000000;100;9411431641;B
20240117;104220;192.000000000;500;9411431864;B
20240117;104220;192.000000000;20;9411431866;B
20240117;104220;192.000000000;80;9411431867;B
20240117;104220;192.000000000;120;9411431868;B
20240117;104222;192.000000000;60;9411432158;B
20240117;104224;192.000000000;40;9411432617;B
20240117;104224;192.000000000;140;9411432618;B
20240117;104224;192.000000000;10;9411432619;B
20240117;104224;192.000000000;10;9411432623;B
20240117;104225;191.990000000;20;9411432744;S
20240117;104225;192.000000000;10;9411432745;B
20240117;104227;192.000000000;260;9411433009;B
20240117;104227;191.990000000;20;9411433094;S
20240117;104227;191.990000000;20;9411433095;S
20240117;104227;191.980000000;10;9411433096;S
20240117;104229;192.000000000;10;9411433344;B
20240117;104229;192.000000000;20;9411433404;B
20240117;104229;192.000000000;10;9411433412;B
20240117;104230;192.000000000;80;9411433529;B
20240117;104230;192.000000000;130;9411433530;B
20240117;104230;192.000000000;20;9411433630;B
20240117;104230;192.000000000;10;9411433820;B
20240117;104230;192.000000000;10;9411433829;B
20240117;104230;192.000000000;410;9411433830;B
20240117;104230;192.000000000;50;9411433831;B
20240117;104235;192.050000000;60;9411434715;S
20240117;104235;192.010000000;40;9411434716;S
20240117;104242;192.020000000;20;9411435700;S
20240117;104242;192.010000000;20;9411435701;S
20240117;104253;192.060000000;10;9411436909;B
20240117;104254;192.090000000;10;9411436981;B
20240117;104304;192.090000000;10;9411437971;B
20240117;104305;192.100000000;30;9411438113;B
20240117;104305;192.120000000;60;9411438114;B
20240117;104305;192.120000000;210;9411438115;B
20240117;104311;192.120000000;50;9411438679;B
20240117;104313;192.120000000;20;9411438923;B
20240117;104321;192.090000000;50;9411439744;S
20240117;104321;192.030000000;10;9411439745;S
20240117;104321;192.020000000;10;9411439746;S
20240117;104321;192.020000000;10;9411439747;S
20240117;104321;192.020000000;30;9411439748;S
20240117;104321;192.010000000;60;9411439749;S
20240117;104321;192.010000000;30;9411439750;S
20240117;104321;192.010000000;280;9411439751;S
20240117;104321;192.000000000;530;9411439752;S
20240117;104321;192.000000000;320;9411439753;S
20240117;104321;192.000000000;10;9411439754;S
20240117;104321;192.000000000;3000;9411439755;S
20240117;104321;192.000000000;10;9411439756;S
20240117;104321;191.990000000;1750;9411439757;S
20240117;104321;191.980000000;1000;9411439758;S
20240117;104321;191.970000000;30;9411439759;S
20240117;104321;191.970000000;10;9411439760;S
20240117;104321;191.960000000;10;9411439761;S
20240117;104321;191.960000000;1000;9411439762;S
20240117;104321;191.960000000;1560;9411439763;S
20240117;104321;191.950000000;50;9411439764;S
20240117;104321;191.940000000;10;9411439765;S
20240117;104321;191.920000000;10;9411439766;S
20240117;104321;191.910000000;10;9411439767;S
20240117;104321;191.900000000;20;9411439768;S
20240117;104321;191.900000000;190;9411439769;S
20240117;104323;191.930000000;10;9411440017;B
20240117;104332;192.030000000;10;9411440790;B
20240117;104333;192.060000000;50;9411440844;B
20240117;104339;192.060000000;50;9411441383;B
20240117;104340;191.960000000;10;9411441589;S
20240117;104340;191.960000000;990;9411441590;B
20240117;104346;192.060000000;100;9411442081;B
20240117;104347;192.070000000;20;9411442255;B
20240117;104348;191.960000000;10;9411442309;S
20240117;104352;192.040000000;10;9411442696;B
20240117;104413;192.000000000;10;9411445554;B
20240117;104426;191.980000000;20;9411446630;S
20240117;104427;192.000000000;10;9411446783;B
20240117;104431;191.980000000;60;9411447129;S
20240117;104431;191.980000000;20;9411447130;S
20240117;104431;191.970000000;50;9411447131;S
20240117;104431;191.970000000;120;9411447132;S
20240117;104434;192.000000000;40;9411447355;B
20240117;104434;192.050000000;10;9411447356;B
20240117;104436;192.070000000;50;9411447573;B
20240117;104450;192.000000000;10;9411448730;S
20240117;104450;192.000000000;20;9411448731;S
20240117;104450;191.970000000;50;9411448732;S
20240117;104450;191.970000000;140;9411448733;S
20240117;104450;191.960000000;500;9411448734;S
20240117;104450;191.950000000;60;9411448735;S
20240117;104450;191.930000000;530;9411448736;S
20240117;104450;191.930000000;50;9411448737;S
20240117;104450;191.920000000;480;9411448738;S
20240117;104450;191.920000000;30;9411448739;S
20240117;104450;191.920000000;140;9411448740;S
20240117;104450;191.910000000;500;9411448741;S
20240117;104450;191.900000000;10;9411448742;S
20240117;104450;191.900000000;10;9411448743;S
20240117;104450;191.900000000;100;9411448744;S
20240117;104450;191.900000000;200;9411448745;S
20240117;104450;191.900000000;10;9411448746;S
20240117;104450;191.900000000;20;9411448747;S
20240117;104450;191.890000000;50;9411448748;S
20240117;104450;191.890000000;10;9411448749;S
20240117;104450;191.880000000;200;9411448750;S
20240117;104450;191.880000000;10;9411448751;S
20240117;104450;191.880000000;430;9411448752;S
20240117;104450;191.870000000;10;9411448753;S
20240117;104450;191.870000000;210;9411448754;S
20240117;104450;191.870000000;1560;9411448755;S
20240117;104450;191.850000000;50;9411448756;S
20240117;104450;191.850000000;100;9411448757;S
20240117;104450;191.850000000;70;9411448758;S
20240117;104450;191.850000000;500;9411448759;S
20240117;104450;191.850000000;20;9411448760;S
20240117;104450;191.850000000;10;9411448761;S
20240117;104450;191.850000000;1000;9411448762;S
20240117;104450;191.850000000;140;9411448763;B
20240117;104450;191.840000000;20;9411448764;S
20240117;104450;191.840000000;30;9411448765;S
20240117;104451;191.820000000;10;9411448842;S
20240117;104454;191.820000000;10;9411449092;S
20240117;104457;191.830000000;30;9411449296;B
20240117;104457;191.830000000;20;9411449330;B
20240117;104457;191.830000000;10;9411449331;B
20240117;104457;191.840000000;60;9411449332;B
20240117;104457;191.850000000;110;9411449333;B
20240117;104506;191.840000000;60;9411450302;B
20240117;104506;191.840000000;120;9411450303;B
20240117;104506;191.850000000;50;9411450307;B
20240117;104508;191.850000000;80;9411450488;B
20240117;104512;191.830000000;50;9411450871;S
20240117;104514;191.850000000;50;9411451049;B
20240117;104514;191.850000000;10;9411451081;B
20240117;104519;191.830000000;100;9411451535;S
20240117;104521;191.850000000;100;9411451743;B
20240117;104525;191.850000000;20;9411452549;B
20240117;104527;191.830000000;380;9411452803;S
20240117;104527;191.830000000;30;9411452804;S
20240117;104527;191.820000000;20;9411452805;S
20240117;104527;191.820000000;200;9411452806;S
20240117;104527;191.820000000;20;9411452807;S
20240117;104527;191.820000000;1000;9411452808;S
20240117;104527;191.810000000;10;9411452809;S
20240117;104527;191.810000000;20;9411452810;S
20240117;104527;191.810000000;20;9411452811;S
20240117;104527;191.810000000;10;9411452812;S
20240117;104528;191.820000000;100;9411452842;B
20240117;104529;191.810000000;150;9411452978;S
20240117;104533;191.810000000;80;9411453424;S
20240117;104535;191.800000000;100;9411453692;S
20240117;104535;191.800000000;180;9411453693;S
20240117;104535;191.800000000;10;9411453694;S
20240117;104535;191.800000000;20;9411453695;S
20240117;104535;191.800000000;10;9411453696;S
20240117;104535;191.800000000;100;9411453697;S
20240117;104535;191.800000000;10;9411453698;S
20240117;104535;191.800000000;40;9411453699;S
20240117;104535;191.800000000;30;9411453700;S
20240117;104537;191.790000000;10;9411453851;S
20240117;104537;191.790000000;10;9411453852;S
20240117;104537;191.790000000;30;9411453853;S
20240117;104537;191.790000000;20;9411453854;S
20240117;104541;191.800000000;10;9411454559;S
20240117;104541;191.800000000;30;9411454560;S
20240117;104541;191.790000000;80;9411454562;S
20240117;104541;191.790000000;50;9411454563;S
20240117;104541;191.790000000;30;9411454564;S
20240117;104541;191.800000000;20;9411454709;B
20240117;104542;191.780000000;250;9411454785;S
20240117;104542;191.780000000;2700;9411454786;S
20240117;104542;191.780000000;1800;9411454787;S
20240117;104542;191.770000000;300;9411454789;S
20240117;104542;191.760000000;70;9411454790;S
20240117;104542;191.750000000;30;9411454795;S
20240117;104542;191.740000000;100;9411454805;S
20240117;104542;191.760000000;30;9411454849;B
20240117;104543;191.760000000;30;9411454922;B
20240117;104543;191.760000000;200;9411454946;B
20240117;104543;191.740000000;100;9411454955;S
20240117;104543;191.750000000;10;9411454979;B
20240117;104543;191.750000000;120;9411454980;B
20240117;104543;191.760000000;30;9411454981;B
20240117;104543;191.760000000;340;9411454982;B
20240117;104549;191.750000000;90;9411459820;S
20240117;104555;191.790000000;40;9411464853;B
20240117;104555;191.790000000;100;9411464854;B
20240117;104555;191.790000000;160;9411464855;B
20240117;104556;191.780000000;2500;9411465330;S
20240117;104557;191.780000000;60;9411466089;S
20240117;104600;191.780000000;690;9411467813;S
20240117;104600;191.780000000;40;9411467814;S
20240117;104602;191.780000000;10;9411469418;B
20240117;104602;191.760000000;20;9411470009;S
20240117;104602;191.770000000;30;9411470128;B
20240117;104605;191.760000000;70;9411472010;B
20240117;104605;191.760000000;40;9411472011;B
20240117;104605;191.760000000;90;9411472012;B
20240117;104609;191.780000000;100;9411474470;S
20240117;104610;191.770000000;200;9411475148;B
20240117;104625;191.760000000;40;9411485426;S
20240117;104625;191.750000000;60;9411485427;S
20240117;104627;191.790000000;20;9411486268;B
20240117;104627;191.750000000;350;9411486288;S
20240117;104627;191.740000000;2300;9411486289;S
20240117;104627;191.740000000;30;9411486290;S
20240117;104627;191.740000000;40;9411486291;S
20240117;104627;191.720000000;100;9411486292;S
20240117;104627;191.700000000;20;9411486293;S
20240117;104627;191.700000000;50;9411486294;S
20240117;104627;191.700000000;10;9411486295;S
20240117;104627;191.700000000;2000;9411486296;S
20240117;104627;191.700000000;50;9411486297;S
20240117;104627;191.700000000;10;9411486298;S
20240117;104627;191.700000000;10;9411486299;S
20240117;104627;191.700000000;30;9411486300;S
20240117;104627;191.690000000;10;9411486580;S
20240117;104627;191.690000000;10;9411486581;S
20240117;104627;191.690000000;10;9411486582;S
20240117;104627;191.690000000;10;9411486776;B
20240117;104627;191.690000000;10;9411486794;B
20240117;104629;191.670000000;10;9411487621;S
20240117;104633;191.680000000;10;9411490414;S
20240117;104633;191.690000000;470;9411490656;B
20240117;104634;191.690000000;10;9411491149;B
20240117;104639;191.690000000;20;9411494966;B
20240117;104640;191.700000000;20;9411495939;B
20240117;104648;191.700000000;50;9411501377;B
20240117;104650;191.690000000;50;9411502407;B
20240117;104650;191.680000000;10;9411502949;S
20240117;104653;191.690000000;10;9411504619;B
20240117;104654;191.670000000;40;9411505577;S
20240117;104654;191.660000000;200;9411505578;S
20240117;104654;191.660000000;90;9411505579;S
20240117;104654;191.650000000;260;9411505580;S
20240117;104654;191.650000000;100;9411505581;S
20240117;104654;191.650000000;20;9411505582;S
20240117;104654;191.650000000;10;9411505583;S
20240117;104654;191.650000000;230;9411505584;S
20240117;104654;191.640000000;50;9411505585;S
20240117;104655;191.740000000;10;9411506085;B
20240117;104657;191.640000000;50;9411507176;S
20240117;104657;191.640000000;30;9411507177;S
20240117;104657;191.640000000;50;9411507178;S
20240117;104657;191.630000000;150;9411507179;S
20240117;104657;191.620000000;150;9411507180;S
20240117;104657;191.620000000;40;9411507181;S
20240117;104657;191.610000000;10;9411507182;S
20240117;104657;191.610000000;10;9411507183;S
20240117;104657;191.610000000;500;9411507184;S
20240117;104658;191.610000000;10;9411508234;B
20240117;104658;191.610000000;40;9411508235;B
20240117;104658;191.600000000;10;9411508373;S
20240117;104658;191.600000000;10;9411508374;S
20240117;104658;191.600000000;10;9411508375;S
20240117;104658;191.600000000;10;9411508376;S
20240117;104658;191.600000000;20;9411508377;S
20240117;104658;191.600000000;10;9411508378;S
20240117;104658;191.600000000;80;9411508379;S
20240117;104658;191.600000000;10;9411508380;S
20240117;104658;191.600000000;1030;9411508381;S
20240117;104658;191.600000000;100;9411508382;S
20240117;104658;191.600000000;30;9411508383;S
20240117;104658;191.600000000;330;9411508384;S
20240117;104658;191.600000000;100;9411508385;S
20240117;104658;191.590000000;40;9411508386;S
20240117;104658;191.580000000;10;9411508387;S
20240117;104658;191.580000000;770;9411508388;S
20240117;104658;191.580000000;50;9411508389;S
20240117;104658;191.580000000;1540;9411508390;B
20240117;104658;191.570000000;50;9411508574;S
20240117;104658;191.560000000;10;9411508575;S
20240117;104658;191.550000000;10;9411508576;S
20240117;104659;191.550000000;40;9411508737;S
20240117;104659;191.550000000;10;9411508738;S
20240117;104659;191.550000000;10;9411508739;S
20240117;104659;191.550000000;10;9411508740;S
20240117;104659;191.550000000;30;9411508741;S
20240117;104659;191.580000000;10;9411508742;B
20240117;104659;191.580000000;30;9411508835;B
20240117;104659;191.550000000;2320;9411509226;S
20240117;104659;191.550000000;1770;9411509227;B
20240117;104659;191.550000000;650;9411509228;B
20240117;104702;191.670000000;10;9411511169;B
20240117;104707;191.640000000;10;9411515221;B
20240117;104712;191.640000000;50;9411519147;B
20240117;104715;191.640000000;20;9411521675;B
20240117;104716;191.640000000;20;9411522526;B
20240117;104719;191.640000000;240;9411524583;B
20240117;104719;191.660000000;40;9411524584;B
20240117;104719;191.680000000;1560;9411524585;B
20240117;104719;191.700000000;70;9411524586;B
20240117;104719;191.720000000;90;9411524587;B
20240117;104725;191.610000000;10;9411529979;S
20240117;104730;191.670000000;50;9411533464;S
20240117;104730;191.660000000;10;9411533465;S
20240117;104735;191.700000000;10;9411538100;B
20240117;104735;191.720000000;10;9411538101;B
20240117;104735;191.720000000;10;9411538102;B
20240117;104736;191.730000000;50;9411538428;B
20240117;104736;191.740000000;30;9411538429;B
20240117;104736;191.750000000;20;9411538430;B
20240117;104736;191.760000000;10;9411538483;B
20240117;104737;191.750000000;100;9411539403;S
20240117;104738;191.680000000;20;9411540569;S
20240117;104738;191.670000000;10;9411540570;S
20240117;104738;191.660000000;190;9411540571;S
20240117;104738;191.660000000;40;9411540572;S
20240117;104738;191.650000000;100;9411540573;S
20240117;104738;191.640000000;10;9411540574;S
20240117;104738;191.620000000;10;9411540575;S
20240117;104738;191.620000000;50;9411540576;S
20240117;104738;191.610000000;10;9411540577;S
20240117;104738;191.610000000;500;9411540578;S
20240117;104738;191.610000000;10;9411540579;S
20240117;104738;191.600000000;10;9411540580;S
20240117;104738;191.600000000;90;9411540581;S
20240117;104738;191.590000000;10;9411540582;S
20240117;104738;191.580000000;10;9411540583;S
20240117;104738;191.570000000;10;9411540584;S
20240117;104738;191.570000000;10;9411540585;S
20240117;104738;191.560000000;20;9411540586;S
20240117;104738;191.560000000;20;9411540587;S
20240117;104738;191.560000000;70;9411540588;S
20240117;104738;191.560000000;10;9411540589;S
20240117;104738;191.560000000;530;9411540590;S
20240117;104738;191.550000000;50;9411540591;S
20240117;104738;191.550000000;20;9411540592;S
20240117;104738;191.550000000;200;9411540593;S
20240117;104738;191.550000000;40;9411540594;S
20240117;104738;191.550000000;10;9411540595;S
20240117;104738;191.550000000;260;9411540596;S
20240117;104738;191.540000000;1000;9411540597;S
20240117;104738;191.540000000;100;9411540598;S
20240117;104738;191.540000000;30;9411540599;S
20240117;104738;191.540000000;20;9411540600;S
20240117;104738;191.540000000;10;9411540601;S
20240117;104738;191.540000000;60;9411540602;S
20240117;104738;191.530000000;30;9411540603;S
20240117;104738;191.530000000;20;9411540604;S
20240117;104738;191.520000000;240;9411540605;S
20240117;104738;191.520000000;10;9411540631;S
20240117;104738;191.700000000;10;9411540834;B
20240117;104739;191.660000000;10;9411541273;S
20240117;104739;191.720000000;10;9411541371;B
20240117;104742;191.700000000;10;9411543532;B
20240117;104743;191.690000000;20;9411544946;B
20240117;104751;191.690000000;20;9411551088;B
20240117;104751;191.700000000;30;9411551089;B
20240117;104751;191.700000000;30;9411551090;B
20240117;104751;191.710000000;40;9411551091;B
20240117;104751;191.710000000;380;9411551095;S
20240117;104754;191.720000000;100;9411553988;B
20240117;104754;191.720000000;10;9411554099;B
20240117;104756;191.610000000;10;9411555221;S
20240117;104756;191.600000000;10;9411555222;S
20240117;104756;191.600000000;10;9411555223;S
20240117;104756;191.600000000;20;9411555224;S
20240117;104756;191.710000000;40;9411555276;B
20240117;104756;191.720000000;60;9411555277;B
20240117;104802;191.700000000;10;9411561353;B
20240117;104802;191.710000000;10;9411561354;B
20240117;104807;191.710000000;20;9411565395;B
20240117;104807;191.710000000;80;9411565396;B
20240117;104807;191.710000000;20;9411565587;B
20240117;104807;191.710000000;10;9411565594;B
20240117;104814;191.620000000;10;9411571103;S
20240117;104814;191.620000000;10;9411571104;S
20240117;104819;191.620000000;30;9411574648;S
20240117;104819;191.610000000;80;9411574649;S
20240117;104819;191.610000000;40;9411574650;S
20240117;104819;191.600000000;200;9411574651;S
20240117;104819;191.600000000;10;9411574652;S
20240117;104819;191.570000000;10;9411574653;S
20240117;104819;191.570000000;10;9411574654;S
20240117;104819;191.570000000;20;9411574655;S
20240117;104820;191.690000000;10;9411575719;B
20240117;104820;191.700000000;60;9411575720;B
20240117;104820;191.710000000;10;9411575721;B
20240117;104826;191.600000000;10;9411580807;S
20240117;104826;191.600000000;40;9411580808;S
20240117;104830;191.700000000;10;9411584186;B
20240117;104830;191.700000000;10;9411584187;B
20240117;104830;191.710000000;10;9411584188;B
20240117;104830;191.710000000;40;9411584189;B
20240117;104830;191.710000000;30;9411584190;B
20240117;104830;191.710000000;10;9411584426;B
20240117;104835;191.650000000;10;9411588265;S
20240117;104835;191.630000000;10;9411588266;S
20240117;104835;191.620000000;10;9411588267;S
20240117;104835;191.620000000;40;9411588268;S
20240117;104835;191.620000000;20;9411588269;S
20240117;104835;191.610000000;10;9411588270;S
20240117;104835;191.610000000;80;9411588271;S
20240117;104835;191.610000000;90;9411588272;S
20240117;104835;191.610000000;130;9411588273;S
20240117;104842;191.700000000;50;9411594049;B
20240117;104847;191.640000000;10;9411598914;S
20240117;104852;191.700000000;30;9411603205;B
20240117;104852;191.700000000;20;9411603206;B
20240117;104856;191.650000000;10;9411606031;S
20240117;104857;191.700000000;10;9411607254;B
20240117;104857;191.700000000;10;9411607255;B
20240117;104857;191.710000000;40;9411607256;B
20240117;104857;191.720000000;20;9411607257;B
20240117;104857;191.730000000;20;9411607258;B
20240117;104857;191.740000000;10;9411607436;B
20240117;104922;191.730000000;10;9411625555;B
20240117;104922;191.740000000;10;9411625556;B
20240117;104922;191.740000000;20;9411625557;B
20240117;104922;191.740000000;10;9411625558;B
20240117;104922;191.750000000;10;9411625559;B
20240117;104922;191.750000000;30;9411625560;B
20240117;104922;191.770000000;10;9411625561;B
20240117;104927;191.750000000;20;9411628677;B
20240117;104927;191.750000000;20;9411628678;B
20240117;104949;191.760000000;10;9411644741;B
20240117;105006;191.760000000;50;9411656479;B
20240117;105006;191.760000000;10;9411656739;B
20240117;105008;191.760000000;10;9411657771;B
20240117;105010;191.760000000;170;9411659552;B
20240117;105015;191.710000000;20;9411662920;S
20240117;105015;191.710000000;20;9411662921;S
20240117;105015;191.710000000;10;9411662922;S
20240117;105027;191.760000000;10;9411672461;B
20240117;105027;191.760000000;10;9411672462;B
20240117;105027;191.760000000;50;9411672463;B
20240117;105027;191.760000000;50;9411672464;B
20240117;105027;191.770000000;10;9411672465;B
20240117;105027;191.780000000;10;9411672466;B
20240117;105027;191.780000000;10;9411672467;B
20240117;105027;191.780000000;10;9411672468;B
20240117;105033;191.780000000;10;9411677210;B
20240117;105039;191.770000000;10;9411682147;S
20240117;105039;191.730000000;60;9411682148;S
20240117;105039;191.720000000;30;9411682149;S
20240117;105039;191.720000000;60;9411682150;S
20240117;105039;191.780000000;20;9411682154;B
20240117;105046;191.770000000;10;9411688020;B
20240117;105046;191.770000000;10;9411688021;B
20240117;105046;191.780000000;980;9411688022;B
20240117;105051;191.790000000;10;9411692335;B
20240117;105052;191.770000000;30;9411693454;S
20240117;105052;191.770000000;10;9411693455;S
20240117;105101;191.780000000;10;9411699994;S
20240117;105101;191.770000000;60;9411699995;S
20240117;105101;191.770000000;40;9411699996;S
20240117;105104;191.780000000;50;9411702402;B
20240117;105109;191.780000000;20;9411706949;B
20240117;105112;191.770000000;10;9411709069;S
20240117;105112;191.770000000;10;9411709070;S
20240117;105114;191.780000000;90;9411710935;B
20240117;105115;191.780000000;190;9411711012;B
20240117;105115;191.780000000;10;9411711013;B
20240117;105115;191.780000000;40;9411711607;B
20240117;105116;191.770000000;520;9411711929;S
20240117;105116;191.770000000;60;9411711930;S
20240117;105116;191.770000000;420;9411711931;S
20240117;105118;191.780000000;60;9411713698;B
20240117;105123;191.770000000;600;9411717801;S
20240117;105123;191.770000000;10;9411717802;S
20240117;105123;191.770000000;50;9411717803;S
20240117;105123;191.770000000;20;9411717804;S
20240117;105123;191.770000000;50;9411717805;S
20240117;105123;191.770000000;70;9411717806;S
20240117;105129;191.780000000;100;9411723027;B
20240117;105132;191.770000000;10;9411725280;S
20240117;105140;191.780000000;50;9411731939;B
20240117;105142;191.780000000;10;9411733536;B
20240117;105156;191.780000000;30;9411745283;B
20240117;105205;191.770000000;10;9411753411;S
20240117;105209;191.770000000;50;9411756164;S
20240117;105209;191.770000000;10;9411756165;S
20240117;105209;191.760000000;10;9411756166;S
20240117;105209;191.760000000;30;9411756167;S
20240117;105210;191.760000000;100;9411757747;S
20240117;105214;191.770000000;10;9411759950;B
20240117;105215;191.770000000;10;9411760888;B
20240117;105217;191.770000000;70;9411762825;B
20240117;105219;191.770000000;10;9411764167;B
20240117;105225;191.760000000;50;9411768960;S
20240117;105225;191.750000000;40;9411768961;S
20240117;105225;191.750000000;80;9411768962;S
20240117;105228;191.750000000;180;9411770960;S
20240117;105230;191.750000000;240;9411772706;S
20240117;105230;191.740000000;10;9411772707;S
20240117;105230;191.740000000;60;9411772708;S
20240117;105230;191.730000000;30;9411772709;S
20240117;105230;191.710000000;10;9411772710;S
20240117;105230;191.700000000;50;9411772711;S
20240117;105230;191.700000000;800;9411772712;S
20240117;105230;191.700000000;500;9411772713;S
20240117;105230;191.700000000;10;9411772714;S
20240117;105230;191.680000000;100;9411772715;S
20240117;105230;191.650000000;80;9411772716;S
20240117;105230;191.650000000;10;9411772717;S
20240117;105230;191.650000000;10;9411772718;S
20240117;105230;191.650000000;100;9411772719;S
20240117;105230;191.650000000;10;9411772720;S
20240117;105230;191.640000000;100;9411772721;S
20240117;105230;191.640000000;10;9411772722;S
20240117;105230;191.640000000;10;9411772723;S
20240117;105230;191.620000000;10;9411772724;S
20240117;105230;191.620000000;20;9411772725;S
20240117;105230;191.620000000;10;9411772726;S
20240117;105230;191.610000000;10;9411772727;S
20240117;105230;191.610000000;1040;9411772728;S
20240117;105230;191.600000000;1000;9411772729;S
20240117;105230;191.600000000;10;9411772730;S
20240117;105230;191.600000000;30;9411772731;S
20240117;105230;191.600000000;500;9411772732;S
20240117;105230;191.570000000;10;9411772733;S
20240117;105230;191.570000000;10;9411772734;S
20240117;105230;191.570000000;40;9411772735;S
20240117;105230;191.560000000;900;9411772736;S
20240117;105230;191.550000000;500;9411772737;S
20240117;105230;191.550000000;20;9411772738;S
20240117;105230;191.540000000;20;9411772739;S
20240117;105230;191.540000000;30;9411772740;S
20240117;105230;191.540000000;20;9411772741;S
20240117;105230;191.540000000;500;9411772742;S
20240117;105230;191.540000000;10;9411772743;S
20240117;105230;191.540000000;30;9411772744;S
20240117;105230;191.540000000;10;9411772745;S
20240117;105230;191.540000000;10;9411772746;S
20240117;105230;191.540000000;10;9411772747;S
20240117;105230;191.540000000;10;9411772748;S
20240117;105230;191.530000000;10;9411772749;S
20240117;105230;191.530000000;20;9411772750;S
20240117;105230;191.530000000;10;9411772751;S
20240117;105230;191.530000000;10;9411772752;S
20240117;105230;191.530000000;650;9411772753;S
20240117;105235;191.650000000;10;9411775907;B
20240117;105241;191.640000000;30;9411779957;B
20240117;105243;191.630000000;30;9411781609;B
20240117;105305;191.630000000;10;9411796839;B
20240117;105305;191.630000000;20;9411796850;B
20240117;105305;191.650000000;30;9411796851;B
20240117;105305;191.670000000;10;9411796852;B
20240117;105305;191.670000000;10;9411796853;B
20240117;105305;191.670000000;10;9411796854;B
20240117;105305;191.670000000;1420;9411796855;B
20240117;105309;191.570000000;10;9411799869;S
20240117;105309;191.570000000;50;9411799870;S
20240117;105326;191.640000000;10;9411811162;B
20240117;105328;191.690000000;10;9411812877;B
20240117;105330;191.690000000;10;9411813823;B
20240117;105330;191.690000000;20;9411813824;B
20240117;105330;191.720000000;10;9411813926;B
20240117;105335;191.720000000;10;9411817962;B
20240117;105335;191.630000000;10;9411818087;S
20240117;105335;191.610000000;20;9411818088;S
20240117;105335;191.600000000;50;9411818089;S
20240117;105335;191.600000000;30;9411818090;S
20240117;105335;191.590000000;20;9411818091;S
20240117;105335;191.590000000;10;9411818092;S
20240117;105335;191.590000000;40;9411818093;S
20240117;105337;191.680000000;10;9411820172;B
20240117;105355;191.650000000;20;9411834166;B
20240117;105355;191.660000000;30;9411834167;B
20240117;105356;191.660000000;10;9411835254;B
20240117;105359;191.680000000;10;9411837599;B
20240117;105400;191.680000000;10;9411837958;B
20240117;105403;191.690000000;20;9411840780;B
20240117;105403;191.700000000;40;9411840781;B
20240117;105403;191.700000000;50;9411840782;B
20240117;105403;191.700000000;30;9411840783;B
20240117;105403;191.720000000;10;9411840784;B
20240117;105413;191.720000000;10;9411848801;B
20240117;105416;191.720000000;10;9411850861;B
20240117;105419;191.720000000;10;9411853950;B
20240117;105420;191.720000000;10;9411853956;B
20240117;105424;191.720000000;10;9411857740;B
20240117;105424;191.720000000;20;9411857741;B
20240117;105429;191.700000000;10;9411862028;S
20240117;105429;191.700000000;10;9411862029;S
20240117;105433;191.710000000;10;9411865638;S
20240117;105437;191.700000000;10;9411868428;S
20240117;105441;191.690000000;10;9411871940;S
20240117;105441;191.680000000;10;9411871941;S
20240117;105444;191.640000000;40;9411874535;S
20240117;105444;191.630000000;40;9411874536;S
20240117;105444;191.630000000;30;9411874537;S
20240117;105444;191.630000000;60;9411874538;S
20240117;105444;191.620000000;80;9411874539;S
20240117;105444;191.610000000;10;9411874540;S
20240117;105444;191.610000000;70;9411874541;S
20240117;105505;191.620000000;50;9411892292;S
20240117;105505;191.620000000;80;9411892293;S
20240117;105505;191.620000000;10;9411892294;S
20240117;105507;191.690000000;80;9411893981;B
20240117;105507;191.690000000;40;9411893982;B
20240117;105507;191.700000000;30;9411893983;B
20240117;105507;191.700000000;80;9411893984;B
20240117;105507;191.700000000;20;9411893985;B
20240117;105507;191.700000000;350;9411894047;S
20240117;105508;191.700000000;500;9411894910;S
20240117;105513;191.730000000;200;9411898375;B
20240117;105515;191.710000000;10;9411899956;S
20240117;105515;191.700000000;20;9411899957;S
20240117;105522;191.730000000;10;9411906216;B
20240117;105523;191.730000000;200;9411906923;B
20240117;105529;191.720000000;10;9411911692;B
20240117;105533;191.720000000;30;9411915968;B
20240117;105535;191.700000000;130;9411917351;S
20240117;105536;191.700000000;1000;9411918201;S
20240117;105548;191.740000000;30;9411926869;B
20240117;105552;191.730000000;30;9411929910;B
20240117;105553;191.740000000;10;9411930506;B
20240117;105556;191.710000000;20;9411932618;S
20240117;105558;191.730000000;100;9411933477;B
20240117;105600;191.710000000;20;9411934994;S
20240117;105614;191.710000000;200;9411944625;S
20240117;105614;191.700000000;350;9411944626;S
20240117;105614;191.700000000;600;9411944627;S
20240117;105614;191.700000000;100;9411944628;S
20240117;105631;191.700000000;10;9411956915;B
20240117;105631;191.700000000;30;9411956984;B
20240117;105638;191.700000000;10;9411962516;B
20240117;105654;191.700000000;690;9411974573;B
20240117;105718;191.730000000;10;9411994089;B
20240117;105720;191.710000000;10;9411995456;S
20240117;105726;191.710000000;20;9412000804;S
20240117;105726;191.710000000;20;9412000805;S
20240117;105726;191.700000000;60;9412000806;S
20240117;105730;191.710000000;20;9412003472;S
20240117;105730;191.710000000;100;9412003473;B
20240117;105740;191.710000000;20;9412012144;B
20240117;105740;191.710000000;70;9412012223;B
20240117;105744;191.710000000;500;9412015463;B
20240117;105753;191.730000000;20;9412022633;B
20240117;105755;191.730000000;100;9412024895;B
20240117;105755;191.700000000;10;9412025164;S
20240117;105805;191.720000000;20;9412033432;B
20240117;105813;191.720000000;10;9412040016;B
20240117;105815;191.720000000;20;9412041456;B
20240117;105815;191.730000000;40;9412041457;B
20240117;105819;191.720000000;20;9412044808;S
20240117;105819;191.720000000;20;9412044809;S
20240117;105819;191.710000000;10;9412044810;S
20240117;105827;191.720000000;10;9412051016;B
20240117;105827;191.730000000;30;9412051017;B
20240117;105827;191.730000000;4310;9412051018;B
20240117;105827;191.740000000;20;9412051019;B
20240117;105827;191.760000000;300;9412051020;B
20240117;105827;191.770000000;20;9412051021;B
20240117;105827;191.770000000;20;9412051022;B
20240117;105827;191.770000000;250;9412051023;B
20240117;105827;191.770000000;90;9412051024;B
20240117;105827;191.790000000;530;9412051025;B
20240117;105827;191.800000000;90;9412051026;B
20240117;105827;191.800000000;50;9412051027;B
20240117;105827;191.800000000;1000;9412051028;B
20240117;105827;191.800000000;20;9412051029;B
20240117;105827;191.810000000;200;9412051030;B
20240117;105827;191.810000000;870;9412051031;B
20240117;105827;191.820000000;20;9412051032;B
20240117;105827;191.820000000;300;9412051033;B
20240117;105827;191.820000000;10;9412051034;B
20240117;105827;191.820000000;1560;9412051035;B
20240117;105827;191.830000000;1880;9412051036;B
20240117;105827;191.840000000;50;9412051037;B
20240117;105827;191.840000000;2800;9412051038;B
20240117;105827;191.850000000;35570;9412051039;B
20240117;105827;191.850000000;100;9412051042;B
20240117;105843;191.840000000;10;9412064709;B
20240117;105843;191.830000000;10;9412065691;S
20240117;105843;191.820000000;40;9412065692;S
20240117;105848;191.850000000;20;9412069282;B
20240117;105849;191.850000000;10;9412070303;B
20240117;105851;191.850000000;100;9412071856;B
20240117;105851;191.850000000;20;9412072349;B
20240117;105853;191.850000000;150;9412072948;B
20240117;105859;191.850000000;150;9412077661;B
20240117;105901;191.850000000;150;9412079088;B
20240117;105901;191.850000000;10;9412079470;B
20240117;105902;191.850000000;20;9412079919;B
