<DATE>;<TIME>;<LAST>;<VOL>;<ID>;<OPER>
20240123;095945;199.200000000;150;9454373366;B
20240123;095945;199.200000000;2080;9454373367;B
20240123;095945;199.200000000;20;9454373368;B
20240123;095945;199.200000000;10;9454373369;B
20240123;095945;199.200000000;10;9454373370;B
20240123;095945;199.200000000;40;9454373371;B
20240123;095945;199.200000000;150;9454373372;B
20240123;095945;199.200000000;220;9454373373;B
20240123;095945;199.200000000;150;9454373374;B
20240123;095945;199.200000000;200;9454373375;B
20240123;095945;199.200000000;20;9454373376;B
20240123;095945;199.200000000;90;9454373377;B
20240123;095945;199.200000000;20;9454373378;B
20240123;095945;199.200000000;30;9454373379;B
20240123;095945;199.200000000;20;9454373380;B
20240123;095945;199.200000000;10;9454373381;B
20240123;095945;199.200000000;10;9454373382;B
20240123;095945;199.200000000;10;9454373383;S
20240123;095945;199.200000000;90;9454373384;S
20240123;095945;199.200000000;110;9454373385;S
20240123;095945;199.200000000;290;9454373386;S
20240123;095945;199.200000000;100;9454373387;S
20240123;095945;199.200000000;230;9454373388;B
20240123;095945;199.200000000;570;9454373389;B
20240123;095945;199.200000000;30;9454373390;S
20240123;095945;199.200000000;30;9454373391;S
20240123;095945;199.200000000;10;9454373392;B
20240123;095945;199.200000000;10;9454373393;B
20240123;095945;199.200000000;20;9454373394;S
20240123;095945;199.200000000;10;9454373395;B
20240123;095945;199.200000000;10;9454373396;B
20240123;095945;199.200000000;10;9454373397;B
20240123;095945;199.200000000;130;9454373398;B
20240123;095945;199.200000000;1170;9454373399;B
20240123;095945;199.200000000;10;9454373400;B
20240123;095945;199.200000000;270;9454373401;S
20240123;095945;199.200000000;10;9454373402;B
20240123;095945;199.200000000;30;9454373403;B
20240123;095945;199.200000000;20;9454373404;B
20240123;095945;199.200000000;670;9454373405;B
20240123;095945;199.200000000;330;9454373406;B
20240123;095945;199.200000000;1000;9454373407;B
20240123;095945;199.200000000;100;9454373408;B
20240123;095945;199.200000000;870;9454373409;B
20240123;095945;199.200000000;1500;9454373410;B
20240123;095945;199.200000000;3700;9454373411;B
20240123;095945;199.200000000;80;9454373412;S
20240123;095945;199.200000000;250;9454373413;B
20240123;095945;199.200000000;450;9454373414;S
20240123;095945;199.200000000;10;9454373415;S
20240123;095945;199.200000000;10;9454373416;S
20240123;095945;199.200000000;10;9454373417;S
20240123;095945;199.200000000;20;9454373418;S
20240123;095945;199.200000000;20;9454373419;S
20240123;095945;199.200000000;10;9454373420;S
20240123;095945;199.200000000;10;9454373421;B
20240123;095945;199.200000000;10;9454373422;B
20240123;095945;199.200000000;100;9454373423;B
20240123;095945;199.200000000;30;9454373424;B
20240123;095945;199.200000000;10;9454373425;B
20240123;100000;199.200000000;200;9454377288;B
20240123;100000;199.200000000;100;9454377289;B
20240123;100000;199.200000000;1000;9454377290;B
20240123;100000;199.200000000;600;9454377291;B
20240123;100000;199.200000000;10;9454377292;B
20240123;100000;199.210000000;10;9454377352;B
20240123;100000;199.210000000;20;9454377353;B
20240123;100000;199.210000000;30;9454377354;B
20240123;100000;199.210000000;140;9454377355;B
20240123;100000;199.200000000;30;9454377825;S
20240123;100000;199.210000000;50;9454378546;B
20240123;100000;199.210000000;4100;9454378548;B
20240123;100000;199.210000000;100;9454378549;B
20240123;100000;199.220000000;170;9454378578;B
20240123;100001;199.250000000;190;9454378639;B
20240123;100001;199.360000000;800;9454378691;B
20240123;100001;199.380000000;100;9454378707;S
20240123;100001;199.390000000;200;9454378712;B
20240123;100001;199.230000000;80;9454378974;S
20240123;100001;199.220000000;120;9454378975;S
20240123;100001;199.220000000;10;9454379656;S
20240123;100002;199.380000000;300;9454380070;B
20240123;100002;199.380000000;200;9454380071;B
20240123;100002;199.220000000;30;9454380136;S
20240123;100002;199.220000000;200;9454380456;S
20240123;100002;199.220000000;300;9454380524;S
20240123;100004;199.250000000;70;9454381806;S
20240123;100004;199.240000000;30;9454381807;S
20240123;100005;199.290000000;30;9454382118;B
20240123;100005;199.220000000;10;9454382255;S
20240123;100005;199.290000000;10;9454382536;B
20240123;100005;199.290000000;10;9454382631;B
20240123;100005;199.290000000;10;9454382632;B
20240123;100005;199.240000000;10;9454382824;S
20240123;100005;199.240000000;50;9454382825;S
20240123;100006;199.290000000;40;9454382997;B
20240123;100006;199.380000000;60;9454382998;B
20240123;100006;199.400000000;280;9454382999;B
20240123;100006;199.390000000;10;9454383255;B
20240123;100006;199.410000000;10;9454383835;B
20240123;100006;199.410000000;10;9454383839;B
20240123;100006;199.410000000;10;9454383843;B
20240123;100006;199.250000000;10;9454384240;S
20240123;100006;199.250000000;10;9454384251;S
20240123;100006;199.420000000;10;9454384464;B
20240123;100007;199.420000000;200;9454384643;B
20240123;100007;199.420000000;20;9454385412;B
20240123;100007;199.250000000;40;9454385413;S
20240123;100007;199.420000000;90;9454385427;B
20240123;100010;199.220000000;10;9454386870;S
20240123;100011;199.310000000;100;9454387179;B
20240123;100011;199.340000000;10;9454387180;B
20240123;100011;199.350000000;10;9454387181;B
20240123;100011;199.370000000;150;9454387182;B
20240123;100011;199.400000000;230;9454387183;B
20240123;100012;199.290000000;30;9454387385;B
20240123;100012;199.400000000;360;9454387386;B
20240123;100012;199.410000000;110;9454387387;B
20240123;100013;199.460000000;250;9454387679;B
20240123;100013;199.460000000;100;9454387959;B
20240123;100018;199.300000000;100;9454389326;S
20240123;100018;199.300000000;20;9454389386;S
20240123;100018;199.240000000;60;9454389387;S
20240123;100022;199.410000000;10;9454390624;B
20240123;100023;199.240000000;10;9454390809;S
20240123;100023;199.240000000;20;9454390830;S
20240123;100024;199.230000000;1820;9454391044;S
20240123;100024;199.220000000;50;9454391045;S
20240123;100024;199.220000000;760;9454391046;S
20240123;100024;199.220000000;280;9454391047;S
20240123;100024;199.210000000;190;9454391048;S
20240123;100024;199.210000000;80;9454391049;S
20240123;100024;199.200000000;60;9454391050;S
20240123;100024;199.190000000;50;9454391051;S
20240123;100024;199.190000000;200;9454391052;S
20240123;100024;199.190000000;50;9454391053;S
20240123;100024;199.160000000;200;9454391054;S
20240123;100024;199.150000000;10;9454391055;S
20240123;100024;199.140000000;700;9454391056;S
20240123;100024;199.120000000;50;9454391061;B
20240123;100024;199.080000000;760;9454391159;S
20240123;100024;199.070000000;90;9454391160;S
20240123;100024;199.180000000;30;9454391228;S
20240123;100025;199.180000000;100;9454391278;S
20240123;100025;199.180000000;200;9454391281;S
20240123;100025;199.180000000;200;9454391401;S
20240123;100026;199.180000000;270;9454391513;S
20240123;100026;199.180000000;600;9454391514;S
20240123;100026;199.180000000;130;9454391515;S
20240123;100026;199.180000000;50;9454391619;S
20240123;100026;199.180000000;20;9454391676;S
20240123;100026;199.180000000;180;9454391677;S
20240123;100026;199.180000000;220;9454391703;S
20240123;100026;199.180000000;80;9454391704;S
20240123;100030;199.180000000;10;9454392443;S
20240123;100031;199.180000000;50;9454392712;S
20240123;100032;199.180000000;260;9454393165;S
20240123;100032;199.180000000;100;9454393166;S
20240123;100032;199.050000000;350;9454393167;S
20240123;100032;199.030000000;760;9454393168;S
20240123;100032;199.020000000;1400;9454393169;S
20240123;100032;199.010000000;100;9454393170;S
20240123;100032;199.010000000;250;9454393171;S
20240123;100032;199.000000000;50;9454393172;S
20240123;100032;199.000000000;10;9454393173;S
20240123;100032;199.000000000;10;9454393174;S
20240123;100032;199.000000000;10;9454393175;S
20240123;100032;199.000000000;200;9454393176;S
20240123;100032;199.000000000;10;9454393177;S
20240123;100032;199.000000000;1000;9454393178;S
20240123;100032;198.920000000;200;9454393179;S
20240123;100032;198.910000000;50;9454393180;S
20240123;100032;198.910000000;180;9454393181;S
20240123;100032;199.020000000;20;9454393182;S
20240123;100032;199.020000000;90;9454393183;S
20240123;100032;198.930000000;910;9454393184;S
20240123;100032;198.920000000;1000;9454393185;S
20240123;100032;198.910000000;540;9454393186;S
20240123;100032;198.910000000;200;9454393187;S
20240123;100033;198.980000000;10;9454393253;S
20240123;100033;198.920000000;400;9454393282;S
20240123;100033;198.910000000;80;9454393283;S
20240123;100033;198.900000000;520;9454393284;S
20240123;100033;198.900000000;480;9454393285;S
20240123;100033;198.900000000;10;9454393286;S
20240123;100033;198.890000000;170;9454393287;S
20240123;100033;198.880000000;340;9454393288;S
20240123;100033;198.870000000;1000;9454393289;S
20240123;100033;199.000000000;20;9454393319;S
20240123;100033;198.860000000;10;9454393320;S
20240123;100033;198.860000000;40;9454393324;S
20240123;100033;198.860000000;10;9454393336;S
20240123;100033;198.860000000;550;9454393338;S
20240123;100033;199.010000000;200;9454393361;S
20240123;100033;199.000000000;20;9454393362;S
20240123;100033;198.870000000;180;9454393363;S
20240123;100033;198.850000000;20;9454393364;S
20240123;100033;198.840000000;580;9454393365;S
20240123;100033;198.830000000;30;9454393366;S
20240123;100033;198.840000000;30;9454393429;S
20240123;100033;198.840000000;150;9454393443;S
20240123;100033;198.830000000;90;9454393444;S
20240123;100033;198.830000000;20;9454393445;S
20240123;100033;198.830000000;1000;9454393446;S
20240123;100033;198.820000000;1640;9454393447;S
20240123;100034;198.820000000;230;9454393488;S
20240123;100034;198.870000000;50;9454393521;S
20240123;100034;198.890000000;20;9454393618;B
20240123;100034;198.900000000;70;9454393619;B
20240123;100034;198.900000000;160;9454393620;B
20240123;100034;198.820000000;100;9454393641;S
20240123;100034;198.830000000;60;9454393708;S
20240123;100034;198.820000000;1940;9454393709;S
20240123;100035;198.820000000;90;9454393741;S
20240123;100035;198.810000000;320;9454393742;S
20240123;100035;198.800000000;10;9454393743;S
20240123;100035;198.800000000;80;9454393744;S
20240123;100035;198.850000000;70;9454393853;B
20240123;100035;198.800000000;20;9454393896;S
20240123;100035;198.800000000;180;9454393897;B
20240123;100036;198.850000000;20;9454393955;B
20240123;100036;198.770000000;320;9454393956;S
20240123;100036;198.760000000;250;9454393957;S
20240123;100036;198.760000000;30;9454393958;S
20240123;100036;198.760000000;20;9454393959;S
20240123;100036;198.760000000;50;9454393960;S
20240123;100036;198.760000000;330;9454393961;S
20240123;100036;198.760000000;500;9454393971;S
20240123;100036;198.750000000;800;9454393972;S
20240123;100036;198.750000000;1000;9454393982;S
20240123;100036;198.750000000;10;9454394027;S
20240123;100037;198.770000000;350;9454394283;S
20240123;100037;198.790000000;200;9454394466;S
20240123;100040;198.840000000;100;9454394979;B
20240123;100040;198.850000000;10;9454394980;B
20240123;100040;198.900000000;40;9454394981;B
20240123;100040;198.930000000;10;9454395141;B
20240123;100040;198.830000000;100;9454395161;S
20240123;100041;198.840000000;20;9454395322;S
20240123;100042;198.850000000;10;9454395683;S
20240123;100042;198.850000000;10;9454395684;S
20240123;100043;198.850000000;200;9454395906;S
20240123;100045;198.930000000;70;9454396299;B
20240123;100045;198.940000000;500;9454396300;B
20240123;100045;198.960000000;100;9454396301;B
20240123;100045;198.990000000;10;9454396302;B
20240123;100045;199.000000000;200;9454396303;B
20240123;100045;199.000000000;120;9454396304;B
20240123;100047;198.970000000;100;9454396697;S
20240123;100047;198.990000000;100;9454396727;B
20240123;100047;198.990000000;200;9454396791;B
20240123;100047;199.000000000;30;9454396792;B
20240123;100047;199.000000000;30;9454396793;B
20240123;100047;199.000000000;100;9454396794;B
20240123;100047;199.100000000;100;9454396810;B
20240123;100047;199.110000000;50;9454396811;B
20240123;100047;199.110000000;80;9454396838;B
20240123;100047;199.020000000;90;9454397029;S
20240123;100047;199.020000000;50;9454397080;S
20240123;100047;199.020000000;250;9454397081;S
20240123;100049;199.170000000;200;9454397484;B
20240123;100049;199.170000000;30;9454397485;B
20240123;100049;199.190000000;300;9454397684;B
20240123;100049;199.170000000;10;9454397728;S
20240123;100050;199.190000000;2200;9454397730;B
20240123;100050;199.170000000;60;9454397850;S
20240123;100050;199.170000000;20;9454397851;S
20240123;100050;199.090000000;50;9454397852;S
20240123;100050;199.080000000;30;9454397853;S
20240123;100050;199.080000000;100;9454397854;S
20240123;100050;199.040000000;740;9454397855;S
20240123;100050;199.180000000;10;9454397877;B
20240123;100051;199.040000000;760;9454398123;S
20240123;100051;199.030000000;1000;9454398124;S
20240123;100051;199.030000000;100;9454398125;S
20240123;100051;199.000000000;300;9454398126;S
20240123;100051;198.940000000;2000;9454398127;S
20240123;100051;198.930000000;200;9454398128;S
20240123;100051;198.920000000;100;9454398129;S
20240123;100051;198.920000000;400;9454398130;S
20240123;100051;198.920000000;80;9454398131;S
20240123;100051;198.910000000;560;9454398132;S
20240123;100052;199.120000000;10;9454398359;B
20240123;100053;198.940000000;10;9454398493;S
20240123;100055;198.960000000;150;9454399240;B
20240123;100056;198.960000000;150;9454399508;B
20240123;100056;198.980000000;50;9454399509;B
20240123;100059;198.980000000;10;9454400415;B
20240123;100100;198.980000000;240;9454400606;B
20240123;100100;198.980000000;10;9454400654;B
20240123;100100;198.980000000;10;9454400655;B
20240123;100100;198.980000000;480;9454400656;B
20240123;100100;198.960000000;250;9454400666;S
20240123;100100;198.960000000;760;9454400709;S
20240123;100100;198.960000000;490;9454400710;S
20240123;100100;198.910000000;480;9454400711;S
20240123;100101;198.910000000;20;9454400798;S
20240123;100101;198.910000000;90;9454400823;S
20240123;100101;198.910000000;110;9454400900;S
20240123;100101;198.900000000;150;9454400968;S
20240123;100101;198.900000000;30;9454401165;S
20240123;100101;198.900000000;10;9454401187;S
20240123;100102;198.900000000;510;9454401269;S
20240123;100102;198.900000000;510;9454401275;S
20240123;100102;198.900000000;360;9454401279;S
20240123;100102;198.900000000;30;9454401280;S
20240123;100106;198.860000000;30;9454402333;S
20240123;100106;198.860000000;20;9454402437;S
20240123;100106;198.860000000;1000;9454402438;S
20240123;100106;198.860000000;370;9454402439;S
20240123;100106;198.860000000;10;9454402440;S
20240123;100106;198.850000000;3600;9454402441;S
20240123;100107;198.860000000;1000;9454402517;S
20240123;100107;198.850000000;1000;9454402518;S
20240123;100107;198.850000000;1000;9454402521;S
20240123;100107;198.850000000;1000;9454402522;S
20240123;100107;198.850000000;1000;9454402639;S
20240123;100108;198.870000000;30;9454402707;B
20240123;100109;198.850000000;30;9454403107;S
20240123;100111;198.860000000;30;9454403303;B
20240123;100114;198.850000000;80;9454404112;S
20240123;100115;198.860000000;30;9454404329;B
20240123;100118;198.860000000;10;9454404754;B
20240123;100118;198.850000000;3000;9454404908;S
20240123;100118;198.850000000;200;9454404917;S
20240123;100119;198.860000000;180;9454405037;B
20240123;100119;198.860000000;120;9454405038;B
20240123;100119;198.850000000;10;9454405094;S
20240123;100119;198.850000000;20;9454405095;S
20240123;100121;198.860000000;40;9454405661;B
20240123;100121;198.860000000;30;9454405693;B
20240123;100125;198.850000000;200;9454406156;S
20240123;100125;198.860000000;400;9454406224;B
20240123;100125;198.850000000;50;9454406230;S
20240123;100125;198.850000000;30;9454406269;S
20240123;100126;198.860000000;510;9454406341;B
20240123;100126;198.860000000;750;9454406342;B
20240123;100126;198.860000000;10;9454406343;B
20240123;100126;198.940000000;70;9454406384;S
20240123;100127;198.950000000;30;9454406512;B
20240123;100127;198.950000000;50;9454406513;B
20240123;100128;198.970000000;50;9454406587;S
20240123;100128;198.970000000;100;9454406588;S
20240123;100128;198.970000000;100;9454406617;S
20240123;100128;198.970000000;100;9454406618;S
20240123;100128;198.970000000;100;9454406619;S
20240123;100128;198.970000000;100;9454406620;S
20240123;100128;198.970000000;100;9454406621;S
20240123;100128;198.970000000;100;9454406622;S
20240123;100128;198.890000000;760;9454406623;S
20240123;100128;198.880000000;30;9454406624;S
20240123;100128;198.960000000;500;9454406696;B
20240123;100128;198.970000000;1820;9454406697;B
20240123;100128;198.980000000;180;9454406698;B
20240123;100129;198.880000000;10;9454406759;S
20240123;100132;198.960000000;100;9454407259;B
20240123;100135;198.900000000;10;9454407706;S
20240123;100139;198.980000000;20;9454408332;B
20240123;100139;198.970000000;120;9454408406;S
20240123;100139;198.970000000;10;9454408407;S
20240123;100139;198.960000000;100;9454408408;S
20240123;100139;198.900000000;40;9454408409;S
20240123;100139;198.900000000;460;9454408410;S
20240123;100146;198.960000000;10;9454409879;B
20240123;100146;198.960000000;90;9454409880;B
20240123;100146;198.960000000;10;9454409897;B
20240123;100147;198.950000000;10;9454410104;S
20240123;100147;198.950000000;10;9454410105;S
20240123;100147;198.950000000;20;9454410106;S
20240123;100148;198.950000000;80;9454410141;S
20240123;100148;198.950000000;100;9454410142;S
20240123;100148;198.940000000;60;9454410143;S
20240123;100148;198.930000000;260;9454410144;S
20240123;100148;198.960000000;2170;9454410186;B
20240123;100148;198.980000000;330;9454410187;B
20240123;100154;198.970000000;100;9454411173;S
20240123;100154;198.950000000;30;9454411174;S
20240123;100154;198.940000000;10;9454411175;S
20240123;100154;198.930000000;500;9454411176;S
20240123;100154;198.920000000;360;9454411177;S
20240123;100155;198.980000000;2500;9454411268;B
20240123;100157;198.930000000;520;9454411592;S
20240123;100157;198.930000000;30;9454411593;S
20240123;100157;198.920000000;640;9454411594;S
20240123;100157;198.900000000;50;9454411595;S
20240123;100157;198.900000000;210;9454411596;S
20240123;100157;198.900000000;760;9454411597;S
20240123;100157;198.890000000;50;9454411598;S
20240123;100157;198.880000000;40;9454411599;S
20240123;100157;198.880000000;50;9454411600;S
20240123;100157;198.880000000;500;9454411601;S
20240123;100157;198.870000000;50;9454411602;S
20240123;100157;198.870000000;50;9454411603;S
20240123;100157;198.940000000;100;9454411691;B
20240123;100158;198.940000000;100;9454411894;B
20240123;100158;198.980000000;900;9454411895;B
20240123;100203;198.890000000;10;9454412545;S
20240123;100203;198.890000000;10;9454412546;S
20240123;100207;198.890000000;10;9454413260;S
20240123;100215;198.900000000;250;9454414648;S
20240123;100217;198.900000000;700;9454414965;S
20240123;100220;198.900000000;10;9454415672;S
20240123;100227;198.920000000;20;9454416855;S
20240123;100227;198.950000000;100;9454416932;B
20240123;100229;198.920000000;480;9454417138;S
20240123;100229;198.910000000;100;9454417139;S
20240123;100229;198.900000000;420;9454417140;S
20240123;100232;198.940000000;50;9454417554;B
20240123;100232;198.940000000;100;9454417601;B
20240123;100234;198.900000000;50;9454417883;S
20240123;100237;198.900000000;140;9454418289;S
20240123;100239;198.900000000;430;9454418642;S
20240123;100239;198.900000000;10;9454418643;S
20240123;100239;198.900000000;10;9454418644;S
20240123;100239;198.900000000;1500;9454418645;S
20240123;100239;198.900000000;100;9454418646;S
20240123;100239;198.890000000;2950;9454418647;S
20240123;100240;198.890000000;1000;9454418697;S
20240123;100240;198.890000000;1000;9454418698;S
20240123;100240;198.890000000;50;9454418699;S
20240123;100240;198.870000000;50;9454418700;S
20240123;100240;198.870000000;10;9454418701;S
20240123;100240;198.870000000;50;9454418702;S
20240123;100240;198.870000000;840;9454418703;S
20240123;100240;198.870000000;1000;9454418704;S
20240123;100240;198.900000000;730;9454418751;B
20240123;100241;198.870000000;150;9454418927;S
20240123;100242;198.880000000;50;9454419181;B
20240123;100242;198.880000000;10;9454419182;B
20240123;100243;198.900000000;50;9454419271;B
20240123;100244;198.900000000;1000;9454419582;B
20240123;100245;198.900000000;370;9454419639;B
20240123;100245;198.900000000;1000;9454419640;B
20240123;100245;198.900000000;500;9454419641;B
20240123;100245;198.910000000;10;9454419642;B
20240123;100246;198.910000000;300;9454420122;S
20240123;100248;198.910000000;2820;9454420612;S
20240123;100248;198.900000000;800;9454420613;S
20240123;100252;198.880000000;70;9454421498;B
20240123;100252;198.880000000;280;9454421499;B
20240123;100253;198.870000000;70;9454421621;S
20240123;100253;198.870000000;1000;9454421661;S
20240123;100254;198.870000000;60;9454421789;S
20240123;100254;198.880000000;510;9454421825;B
20240123;100256;198.910000000;100;9454422246;S
20240123;100256;198.890000000;80;9454422247;S
20240123;100256;198.880000000;320;9454422248;S
20240123;100256;198.910000000;30;9454422318;B
20240123;100257;198.890000000;20;9454422420;B
20240123;100257;198.920000000;10;9454422421;B
20240123;100259;198.900000000;30;9454422779;B
20240123;100300;198.890000000;10;9454422980;S
20240123;100300;198.890000000;10;9454422981;S
20240123;100300;198.880000000;1170;9454422982;S
20240123;100300;198.870000000;1810;9454422983;S
20240123;100303;198.880000000;30;9454423581;B
20240123;100305;198.870000000;70;9454423835;S
20240123;100305;198.870000000;80;9454423836;S
20240123;100305;198.870000000;500;9454423973;S
20240123;100308;198.880000000;30;9454424497;B
20240123;100308;198.890000000;30;9454424498;B
20240123;100310;198.900000000;10;9454424716;B
20240123;100313;198.890000000;100;9454425215;B
20240123;100313;198.870000000;420;9454425227;S
20240123;100313;198.870000000;200;9454425228;S
20240123;100313;198.870000000;80;9454425229;S
20240123;100313;198.870000000;10;9454425230;S
20240123;100313;198.860000000;30;9454425231;S
20240123;100313;198.860000000;50;9454425232;S
20240123;100313;198.860000000;20;9454425233;S
20240123;100313;198.860000000;190;9454425234;S
20240123;100314;198.870000000;100;9454425345;S
20240123;100315;198.880000000;320;9454425547;S
20240123;100315;198.860000000;30;9454425641;S
20240123;100315;198.860000000;10;9454425673;S
20240123;100316;198.860000000;150;9454425694;S
20240123;100316;198.860000000;300;9454425695;S
20240123;100316;198.860000000;100;9454425696;S
20240123;100316;198.850000000;3680;9454425697;S
20240123;100316;198.850000000;280;9454425769;S
20240123;100316;198.850000000;50;9454425824;S
20240123;100316;198.850000000;20;9454425844;S
20240123;100317;198.850000000;150;9454425937;S
20240123;100317;198.860000000;100;9454426013;B
20240123;100318;198.870000000;60;9454426133;B
20240123;100318;198.850000000;34600;9454426173;S
20240123;100318;198.850000000;20;9454426174;S
20240123;100318;198.850000000;50;9454426175;S
20240123;100318;198.850000000;250;9454426176;S
20240123;100318;198.830000000;30;9454426177;S
20240123;100318;198.820000000;10;9454426178;S
20240123;100318;198.800000000;500;9454426179;S
20240123;100318;198.800000000;50;9454426180;S
20240123;100318;198.800000000;300;9454426181;S
20240123;100318;198.800000000;300;9454426182;S
20240123;100318;198.800000000;100;9454426183;S
20240123;100318;198.750000000;150;9454426249;S
20240123;100318;198.750000000;100;9454426253;S
20240123;100318;198.750000000;20;9454426265;S
20240123;100318;198.760000000;100;9454426291;S
20240123;100318;198.760000000;140;9454426292;S
20240123;100318;198.750000000;660;9454426293;S
20240123;100319;198.750000000;150;9454426336;S
20240123;100319;198.750000000;4560;9454426342;S
20240123;100319;198.750000000;160;9454426425;S
20240123;100319;198.750000000;400;9454426432;S
20240123;100319;198.750000000;1000;9454426454;S
20240123;100319;198.750000000;990;9454426524;S
20240123;100319;198.750000000;10;9454426525;S
20240123;100319;198.750000000;10;9454426526;S
20240123;100319;198.750000000;30;9454426527;S
20240123;100319;198.740000000;80;9454426529;S
20240123;100319;198.710000000;50;9454426530;S
20240123;100319;198.710000000;30;9454426531;S
20240123;100319;198.710000000;80;9454426532;B
20240123;100319;198.710000000;10;9454426533;B
20240123;100319;198.700000000;100;9454426591;S
20240123;100319;198.700000000;1000;9454426592;S
20240123;100319;198.700000000;50;9454426593;S
20240123;100319;198.690000000;20;9454426594;S
20240123;100319;198.670000000;10;9454426608;S
20240123;100320;198.670000000;120;9454426676;S
20240123;100320;198.670000000;150;9454426710;S
20240123;100320;198.670000000;20;9454426749;S
20240123;100320;198.660000000;40;9454426750;S
20240123;100320;198.660000000;10;9454426751;S
20240123;100320;198.660000000;10;9454426760;S
20240123;100320;198.650000000;40;9454426761;S
20240123;100320;198.630000000;50;9454426816;S
20240123;100320;198.610000000;60;9454426817;S
20240123;100320;198.680000000;160;9454426839;B
20240123;100320;198.680000000;30;9454426840;B
20240123;100320;198.690000000;1000;9454426841;B
20240123;100320;198.700000000;500;9454426842;B
20240123;100320;198.760000000;100;9454426862;S
20240123;100320;198.760000000;80;9454426885;S
20240123;100320;198.760000000;200;9454426887;S
20240123;100321;198.760000000;300;9454426914;S
20240123;100321;198.760000000;100;9454426935;S
20240123;100321;198.760000000;530;9454426942;S
20240123;100321;198.640000000;50;9454426943;S
20240123;100321;198.630000000;60;9454426978;S
20240123;100321;198.630000000;10;9454426979;S
20240123;100322;198.690000000;70;9454427167;B
20240123;100322;198.690000000;30;9454427168;B
20240123;100323;198.620000000;50;9454427324;S
20240123;100323;198.700000000;10;9454427425;B
20240123;100324;198.630000000;10;9454427484;S
20240123;100325;198.630000000;190;9454427703;S
20240123;100325;198.630000000;130;9454427704;S
20240123;100325;198.620000000;50;9454427705;S
20240123;100325;198.610000000;910;9454427706;S
20240123;100325;198.610000000;180;9454427707;S
20240123;100325;198.600000000;1000;9454427708;S
20240123;100325;198.600000000;30;9454427709;S
20240123;100325;198.600000000;10;9454427710;S
20240123;100325;198.600000000;40;9454427768;S
20240123;100325;198.600000000;30;9454427769;S
20240123;100325;198.600000000;100;9454427770;S
20240123;100325;198.580000000;100;9454427773;B
20240123;100325;198.580000000;100;9454427774;B
20240123;100325;198.570000000;260;9454427775;S
20240123;100325;198.560000000;50;9454427776;S
20240123;100325;198.560000000;130;9454427777;S
20240123;100325;198.560000000;560;9454427778;S
20240123;100325;198.560000000;250;9454427798;S
20240123;100325;198.560000000;190;9454427818;S
20240123;100325;198.550000000;110;9454427819;S
20240123;100325;198.580000000;100;9454427869;B
20240123;100325;198.550000000;50;9454427878;S
20240123;100326;198.580000000;10;9454427931;B
20240123;100327;198.550000000;100;9454428066;S
20240123;100328;198.580000000;1500;9454428429;B
20240123;100329;198.570000000;2500;9454428725;S
20240123;100329;198.570000000;890;9454428726;S
20240123;100329;198.570000000;130;9454428727;S
20240123;100329;198.570000000;90;9454428728;S
20240123;100329;198.550000000;740;9454428729;S
20240123;100329;198.550000000;50;9454428730;S
20240123;100329;198.550000000;30;9454428731;S
20240123;100329;198.520000000;10;9454428732;S
20240123;100329;198.520000000;50;9454428733;S
20240123;100329;198.520000000;420;9454428734;S
20240123;100329;198.510000000;90;9454428735;S
20240123;100330;198.580000000;20;9454428857;B
20240123;100330;198.580000000;70;9454428858;B
20240123;100330;198.510000000;260;9454428892;S
20240123;100332;198.560000000;10;9454429121;S
20240123;100332;198.570000000;50;9454429125;B
20240123;100332;198.570000000;100;9454429156;B
20240123;100333;198.570000000;10;9454429227;B
20240123;100333;198.560000000;90;9454429273;S
20240123;100333;198.540000000;10;9454429274;S
20240123;100334;198.570000000;620;9454429426;B
20240123;100335;198.580000000;130;9454429545;S
20240123;100335;198.570000000;390;9454429546;S
20240123;100335;198.550000000;10;9454429549;S
20240123;100335;198.550000000;120;9454429654;S
20240123;100335;198.600000000;10;9454429708;B
20240123;100337;198.600000000;10;9454429966;B
20240123;100337;198.600000000;90;9454429967;B
20240123;100342;198.570000000;10;9454430671;S
20240123;100342;198.600000000;100;9454430715;B
20240123;100344;198.580000000;20;9454430982;S
20240123;100344;198.570000000;220;9454430983;S
20240123;100346;198.600000000;10;9454431314;B
20240123;100346;198.600000000;100;9454431315;B
20240123;100346;198.600000000;890;9454431316;B
20240123;100347;198.580000000;10;9454431531;S
20240123;100347;198.570000000;80;9454431532;S
20240123;100347;198.560000000;120;9454431533;S
20240123;100347;198.560000000;40;9454431534;S
20240123;100347;198.600000000;160;9454431569;B
20240123;100348;198.590000000;100;9454431590;S
20240123;100348;198.550000000;50;9454431591;S
20240123;100348;198.540000000;140;9454431592;S
20240123;100348;198.530000000;30;9454431593;S
20240123;100348;198.530000000;120;9454431594;S
20240123;100348;198.520000000;50;9454431595;S
20240123;100348;198.520000000;250;9454431596;S
20240123;100348;198.520000000;840;9454431597;S
20240123;100348;198.510000000;1420;9454431598;S
20240123;100349;198.510000000;230;9454431792;S
20240123;100349;198.510000000;500;9454431793;S
20240123;100349;198.510000000;10;9454431794;S
20240123;100349;198.510000000;260;9454431795;S
20240123;100349;198.510000000;740;9454431837;S
20240123;100349;198.500000000;260;9454431838;S
20240123;100349;198.510000000;300;9454431839;S
20240123;100350;198.510000000;10;9454431980;S
20240123;100350;198.510000000;190;9454431981;S
20240123;100350;198.510000000;200;9454431982;S
20240123;100350;198.510000000;300;9454431983;S
20240123;100350;198.510000000;20;9454431984;S
20240123;100350;198.510000000;500;9454431991;S
20240123;100353;198.510000000;100;9454432442;B
20240123;100354;198.500000000;210;9454432477;S
20240123;100354;198.500000000;20;9454432572;S
20240123;100354;198.510000000;200;9454432589;B
20240123;100354;198.520000000;50;9454432590;B
20240123;100355;198.500000000;50;9454432612;S
20240123;100357;198.510000000;500;9454433020;S
20240123;100358;198.570000000;30;9454433244;B
20240123;100359;198.570000000;30;9454433297;B
20240123;100359;198.570000000;30;9454433415;B
20240123;100400;198.510000000;110;9454433527;S
20240123;100404;198.570000000;30;9454434167;B
20240123;100408;198.540000000;60;9454434868;S
20240123;100408;198.550000000;30;9454435120;S
20240123;100408;198.540000000;10;9454435121;S
20240123;100409;198.570000000;30;9454435179;B
20240123;100410;198.540000000;30;9454435280;S
20240123;100410;198.540000000;140;9454435281;S
20240123;100410;198.530000000;330;9454435282;S
20240123;100413;198.560000000;10;9454435787;S
20240123;100413;198.570000000;70;9454435859;B
20240123;100413;198.570000000;930;9454435860;B
20240123;100414;198.560000000;50;9454435893;S
20240123;100414;198.560000000;40;9454435922;S
20240123;100414;198.530000000;140;9454435923;S
20240123;100414;198.530000000;50;9454435928;B
20240123;100414;198.530000000;30;9454435982;B
20240123;100414;198.520000000;200;9454436001;S
20240123;100414;198.520000000;10;9454436002;S
20240123;100414;198.510000000;290;9454436003;S
20240123;100415;198.530000000;100;9454436222;B
20240123;100415;198.530000000;10;9454436384;B
20240123;100416;198.530000000;590;9454436621;B
20240123;100416;198.540000000;140;9454436622;B
20240123;100416;198.570000000;270;9454436623;B
20240123;100418;198.530000000;100;9454436895;S
20240123;100418;198.520000000;140;9454436896;S
20240123;100418;198.520000000;2000;9454436897;S
20240123;100418;198.510000000;260;9454436898;S
20240123;100422;198.570000000;250;9454437378;B
20240123;100423;198.570000000;50;9454437439;B
20240123;100423;198.580000000;140;9454437440;B
20240123;100423;198.590000000;20;9454437441;B
20240123;100423;198.590000000;210;9454437442;B
20240123;100423;198.600000000;250;9454437443;B
20240123;100423;198.600000000;330;9454437444;B
20240123;100423;198.600000000;1000;9454437526;B
20240123;100430;198.590000000;70;9454438546;S
20240123;100430;198.590000000;10;9454438559;S
20240123;100431;198.590000000;10;9454438626;S
20240123;100433;198.600000000;20;9454438879;B
20240123;100433;198.600000000;200;9454438972;B
20240123;100436;198.590000000;10;9454439530;S
20240123;100436;198.590000000;40;9454439531;S
20240123;100437;198.590000000;60;9454439625;S
20240123;100437;198.590000000;90;9454439626;S
20240123;100438;198.590000000;10;9454439708;S
20240123;100438;198.590000000;20;9454439709;S
20240123;100438;198.590000000;20;9454439710;S
20240123;100438;198.590000000;60;9454439840;S
20240123;100439;198.600000000;10;9454440042;B
20240123;100440;198.600000000;1530;9454440140;B
20240123;100440;198.600000000;50;9454440169;B
20240123;100442;198.590000000;20;9454440411;S
20240123;100442;198.580000000;30;9454440412;S
20240123;100442;198.600000000;50;9454440471;B
20240123;100444;198.590000000;30;9454440698;S
20240123;100445;198.600000000;1500;9454440783;B
20240123;100445;198.590000000;10;9454440816;S
20240123;100446;198.590000000;60;9454441017;S
20240123;100446;198.580000000;70;9454441018;S
20240123;100446;198.570000000;10;9454441019;S
20240123;100447;198.540000000;20;9454441512;S
20240123;100447;198.540000000;180;9454441513;S
20240123;100447;198.540000000;30;9454441514;S
20240123;100447;198.540000000;170;9454441528;B
20240123;100447;198.540000000;100;9454441529;B
20240123;100448;198.550000000;200;9454441578;S
20240123;100454;198.550000000;30;9454442336;S
20240123;100454;198.550000000;270;9454442337;S
20240123;100454;198.540000000;230;9454442468;S
20240123;100454;198.540000000;370;9454442469;S
20240123;100455;198.550000000;50;9454442573;B
20240123;100455;198.540000000;1630;9454442625;S
20240123;100455;198.530000000;180;9454442626;S
20240123;100455;198.530000000;230;9454442627;S
20240123;100455;198.530000000;260;9454442628;S
20240123;100455;198.520000000;50;9454442629;S
20240123;100455;198.520000000;1000;9454442630;S
20240123;100455;198.520000000;190;9454442631;S
20240123;100456;198.590000000;20;9454442728;B
20240123;100456;198.590000000;70;9454442729;B
20240123;100456;198.590000000;110;9454442730;B
20240123;100456;198.520000000;1810;9454442792;S
20240123;100456;198.520000000;400;9454442793;S
20240123;100456;198.520000000;180;9454442794;S
20240123;100456;198.510000000;3840;9454442795;S
20240123;100456;198.510000000;3000;9454442796;S
20240123;100456;198.510000000;2200;9454442797;S
20240123;100456;198.510000000;430;9454442798;S
20240123;100500;198.550000000;10;9454443508;S
20240123;100500;198.510000000;300;9454443509;S
20240123;100501;198.510000000;190;9454443513;S
20240123;100501;198.510000000;80;9454443612;S
20240123;100501;198.510000000;500;9454443613;S
20240123;100501;198.510000000;20;9454443614;S
20240123;100501;198.510000000;230;9454443615;S
20240123;100501;198.510000000;10;9454443616;S
20240123;100501;198.500000000;160;9454443617;S
20240123;100501;198.500000000;300;9454443698;S
20240123;100501;198.500000000;120;9454443699;S
20240123;100501;198.500000000;10;9454443700;S
20240123;100501;198.500000000;60;9454443701;S
20240123;100501;198.500000000;20;9454443702;S
20240123;100501;198.500000000;30;9454443703;S
20240123;100501;198.500000000;620;9454443704;S
20240123;100502;198.500000000;1700;9454443743;S
20240123;100502;198.500000000;2000;9454443769;S
20240123;100503;198.510000000;10;9454443808;B
20240123;100503;198.500000000;120;9454443860;S
20240123;100504;198.500000000;50;9454443973;S
20240123;100504;198.500000000;1000;9454444034;S
20240123;100505;198.510000000;750;9454444272;B
20240123;100505;198.510000000;130;9454444273;B
20240123;100505;198.520000000;100;9454444274;B
20240123;100505;198.520000000;1000;9454444275;B
20240123;100505;198.520000000;20;9454444276;B
20240123;100505;198.500000000;10;9454444278;S
20240123;100506;198.500000000;100;9454444531;S
20240123;100506;198.500000000;100;9454444532;S
20240123;100509;198.510000000;100;9454444820;B
20240123;100510;198.520000000;10;9454445021;B
20240123;100510;198.510000000;100;9454445043;S
20240123;100511;198.520000000;20;9454445100;B
20240123;100511;198.520000000;180;9454445101;B
20240123;100512;198.510000000;10;9454445280;S
20240123;100512;198.510000000;10;9454445311;S
20240123;100514;198.510000000;50;9454445697;S
20240123;100514;198.510000000;20;9454445779;S
20240123;100515;198.510000000;730;9454445886;S
20240123;100515;198.500000000;810;9454445887;S
20240123;100516;198.510000000;10;9454445976;S
20240123;100516;198.510000000;10;9454446026;S
20240123;100516;198.510000000;10;9454446056;S
20240123;100516;198.510000000;10;9454446107;S
20240123;100517;198.510000000;10;9454446141;S
20240123;100517;198.510000000;10;9454446157;S
20240123;100518;198.510000000;10;9454446237;S
20240123;100518;198.510000000;10;9454446259;S
20240123;100518;198.510000000;10;9454446334;S
20240123;100518;198.510000000;10;9454446351;S
20240123;100518;198.510000000;10;9454446371;S
20240123;100520;198.520000000;250;9454446611;B
20240123;100520;198.530000000;760;9454446612;B
20240123;100520;198.540000000;990;9454446613;B
20240123;100520;198.510000000;10;9454446664;S
20240123;100521;198.510000000;10;9454446676;S
20240123;100521;198.510000000;10;9454446711;S
20240123;100521;198.510000000;10;9454446726;S
20240123;100521;198.510000000;10;9454446752;S
20240123;100521;198.510000000;10;9454446797;S
20240123;100522;198.510000000;10;9454446824;S
20240123;100522;198.510000000;10;9454446842;S
20240123;100522;198.500000000;150;9454446912;S
20240123;100523;198.510000000;10;9454447009;B
20240123;100523;198.510000000;490;9454447033;S
20240123;100523;198.500000000;3340;9454447034;S
20240123;100523;198.500000000;50;9454447035;S
20240123;100523;198.500000000;50;9454447036;S
20240123;100523;198.500000000;2000;9454447037;S
20240123;100523;198.500000000;10;9454447038;S
20240123;100523;198.500000000;100;9454447039;S
20240123;100523;198.500000000;50;9454447040;S
20240123;100523;198.500000000;20;9454447041;S
20240123;100523;198.500000000;300;9454447042;S
20240123;100523;198.500000000;920;9454447043;S
20240123;100523;198.500000000;60;9454447045;S
20240123;100524;198.500000000;10020;9454447181;S
20240123;100524;198.500000000;100;9454447182;S
20240123;100524;198.500000000;10;9454447183;S
20240123;100524;198.500000000;180;9454447184;S
20240123;100524;198.500000000;200;9454447185;S
20240123;100524;198.490000000;50;9454447186;S
20240123;100524;198.470000000;10;9454447187;S
20240123;100524;198.470000000;10;9454447188;S
20240123;100524;198.470000000;30;9454447189;S
20240123;100524;198.450000000;130;9454447190;S
20240123;100524;198.440000000;50;9454447191;S
20240123;100524;198.430000000;50;9454447201;S
20240123;100524;198.430000000;20;9454447203;S
20240123;100524;198.430000000;50;9454447233;S
20240123;100525;198.430000000;10;9454447258;S
20240123;100525;198.450000000;250;9454447296;B
20240123;100525;198.460000000;760;9454447297;B
20240123;100525;198.460000000;1000;9454447298;B
20240123;100525;198.480000000;150;9454447300;S
20240123;100525;198.480000000;100;9454447318;S
20240123;100525;198.480000000;10;9454447336;S
20240123;100525;198.490000000;500;9454447337;B
20240123;100525;198.480000000;100;9454447338;S
20240123;100525;198.490000000;500;9454447350;B
20240123;100525;198.500000000;180;9454447351;B
20240123;100527;198.510000000;10;9454447538;B
20240123;100527;198.510000000;40;9454447539;B
20240123;100527;198.500000000;20;9454447557;S
20240123;100528;198.500000000;10;9454447644;S
20240123;100529;198.500000000;10;9454447821;S
20240123;100529;198.500000000;1000;9454447837;S
20240123;100531;198.500000000;10;9454448092;S
20240123;100532;198.500000000;10;9454448308;S
20240123;100533;198.510000000;2000;9454448357;B
20240123;100533;198.510000000;700;9454448477;B
20240123;100534;198.500000000;10;9454448587;S
20240123;100535;198.500000000;250;9454448828;S
20240123;100535;198.490000000;760;9454448829;S
20240123;100535;198.480000000;9810;9454448830;S
20240123;100535;198.480000000;260;9454448831;S
20240123;100535;198.430000000;340;9454448832;S
20240123;100535;198.430000000;180;9454448833;S
20240123;100535;198.400000000;5000;9454448834;S
20240123;100535;198.400000000;50;9454448835;S
20240123;100535;198.370000000;30;9454448836;S
20240123;100535;198.340000000;180;9454448837;S
20240123;100535;198.330000000;10;9454448838;S
20240123;100535;198.330000000;300;9454448839;S
20240123;100535;198.330000000;300;9454448840;S
20240123;100535;198.320000000;500;9454448841;S
20240123;100535;198.320000000;50;9454448842;S
20240123;100535;198.320000000;1000;9454448843;S
20240123;100535;198.310000000;10;9454448844;S
20240123;100535;198.310000000;50;9454448845;S
20240123;100535;198.310000000;300;9454448846;S
20240123;100535;198.300000000;620;9454448847;S
20240123;100535;198.310000000;40;9454448848;S
20240123;100535;198.310000000;260;9454448849;S
20240123;100535;198.300000000;430;9454448850;S
20240123;100535;198.300000000;10;9454448851;S
20240123;100535;198.330000000;10;9454448852;S
20240123;100536;198.320000000;10;9454448902;S
20240123;100536;198.410000000;180;9454448932;B
20240123;100536;198.410000000;270;9454448933;B
20240123;100536;198.420000000;90;9454448934;B
20240123;100536;198.420000000;500;9454448935;B
20240123;100536;198.460000000;450;9454448936;B
20240123;100536;198.350000000;250;9454448945;S
20240123;100536;198.350000000;10;9454448956;S
20240123;100536;198.350000000;20;9454448959;S
20240123;100536;198.340000000;20;9454448964;S
20240123;100536;198.340000000;50;9454448965;S
20240123;100536;198.340000000;110;9454448969;S
20240123;100536;198.310000000;140;9454448970;S
20240123;100536;198.470000000;20;9454448978;B
20240123;100537;198.330000000;20;9454449040;S
20240123;100537;198.310000000;10;9454449041;S
20240123;100537;198.400000000;80;9454449064;B
20240123;100538;198.400000000;120;9454449407;B
20240123;100538;198.400000000;130;9454449408;B
20240123;100539;198.400000000;50;9454449507;B
20240123;100539;198.410000000;500;9454449508;B
20240123;100539;198.410000000;90;9454449509;B
20240123;100539;198.420000000;90;9454449510;B
20240123;100539;198.420000000;260;9454449511;B
20240123;100539;198.460000000;10;9454449512;B
20240123;100540;198.340000000;20;9454449572;S
20240123;100541;198.410000000;20;9454449775;S
20240123;100541;198.400000000;90;9454449776;S
20240123;100543;198.400000000;110;9454450043;S
20240123;100545;198.400000000;300;9454450286;S
20240123;100545;198.390000000;90;9454450287;S
20240123;100545;198.380000000;250;9454450288;S
20240123;100545;198.370000000;180;9454450289;S
20240123;100545;198.330000000;50;9454450290;S
20240123;100545;198.310000000;30;9454450291;S
20240123;100551;198.340000000;20;9454451323;S
20240123;100551;198.330000000;270;9454451324;S
20240123;100551;198.320000000;180;9454451325;S
20240123;100551;198.320000000;250;9454451326;S
20240123;100551;198.310000000;300;9454451327;S
20240123;100551;198.310000000;760;9454451328;S
20240123;100551;198.300000000;3940;9454451329;S
20240123;100551;198.300000000;1010;9454451330;S
20240123;100551;198.300000000;60;9454451331;S
20240123;100551;198.300000000;40;9454451332;S
20240123;100551;198.300000000;50;9454451333;S
20240123;100551;198.290000000;1000;9454451334;S
20240123;100552;198.260000000;10;9454451395;S
20240123;100552;198.260000000;30;9454451396;S
20240123;100552;198.250000000;120;9454451397;S
20240123;100552;198.240000000;200;9454451398;S
20240123;100552;198.240000000;20;9454451399;S
20240123;100552;198.220000000;10;9454451400;S
20240123;100552;198.220000000;300;9454451401;S
20240123;100552;198.210000000;310;9454451402;S
20240123;100552;198.210000000;1000;9454451403;S
20240123;100552;198.220000000;40;9454451404;S
20240123;100552;198.210000000;220;9454451405;S
20240123;100552;198.210000000;1000;9454451406;S
20240123;100552;198.210000000;1000;9454451407;S
20240123;100552;198.260000000;80;9454451475;S
20240123;100553;198.270000000;100;9454451572;B
20240123;100553;198.270000000;760;9454451573;B
20240123;100553;198.280000000;180;9454451574;B
20240123;100553;198.280000000;250;9454451575;B
20240123;100553;198.290000000;210;9454451576;B
20240123;100553;198.280000000;20;9454451588;S
20240123;100553;198.260000000;30;9454451589;S
20240123;100553;198.290000000;10;9454451590;B
20240123;100553;198.290000000;500;9454451608;B
20240123;100557;198.260000000;70;9454452140;S
20240123;100557;198.240000000;120;9454452141;S
20240123;100559;198.240000000;180;9454452438;S
20240123;100559;198.230000000;50;9454452439;S
20240123;100559;198.230000000;250;9454452440;S
20240123;100559;198.220000000;760;9454452441;S
20240123;100559;198.210000000;760;9454452442;S
20240123;100559;198.220000000;460;9454452498;S
20240123;100559;198.210000000;540;9454452499;S
20240123;100600;198.210000000;600;9454452587;S
20240123;100602;198.250000000;100;9454453121;B
20240123;100602;198.250000000;100;9454453151;B
20240123;100602;198.250000000;10;9454453203;B
20240123;100607;198.250000000;10;9454453999;B
20240123;100607;198.260000000;990;9454454000;B
20240123;100607;198.260000000;20;9454454065;B
20240123;100607;198.250000000;10;9454454102;S
20240123;100608;198.260000000;430;9454454146;B
20240123;100608;198.280000000;180;9454454153;B
20240123;100608;198.280000000;20;9454454154;B
20240123;100608;198.290000000;50;9454454155;B
20240123;100608;198.290000000;500;9454454198;B
20240123;100608;198.290000000;4000;9454454205;B
20240123;100609;198.290000000;1000;9454454261;B
20240123;100609;198.290000000;5000;9454454269;B
20240123;100609;198.270000000;80;9454454272;S
20240123;100609;198.290000000;10;9454454301;B
20240123;100609;198.290000000;100;9454454313;B
20240123;100609;198.290000000;10;9454454315;B
20240123;100609;198.290000000;150;9454454330;B
20240123;100609;198.290000000;300;9454454344;B
20240123;100609;198.290000000;1000;9454454378;B
20240123;100609;198.290000000;150;9454454411;B
20240123;100609;198.270000000;10;9454454413;S
20240123;100609;198.270000000;30;9454454414;S
20240123;100609;198.270000000;70;9454454454;S
20240123;100609;198.240000000;250;9454454455;S
20240123;100609;198.230000000;50;9454454456;S
20240123;100609;198.230000000;210;9454454457;S
20240123;100609;198.220000000;10;9454454458;S
20240123;100609;198.220000000;420;9454454459;S
20240123;100610;198.290000000;110;9454454503;B
20240123;100610;198.290000000;1280;9454454504;B
20240123;100610;198.290000000;90;9454454505;B
20240123;100610;198.300000000;10;9454454506;B
20240123;100610;198.310000000;120;9454454507;B
20240123;100610;198.310000000;20;9454454508;B
20240123;100610;198.350000000;90;9454454509;B
20240123;100611;198.340000000;60;9454454713;S
20240123;100611;198.250000000;180;9454454714;S
20240123;100611;198.240000000;500;9454454715;S
20240123;100611;198.230000000;30;9454454716;S
20240123;100611;198.230000000;10;9454454717;S
20240123;100611;198.230000000;240;9454454718;S
20240123;100611;198.220000000;480;9454454719;S
20240123;100612;198.300000000;180;9454454883;S
20240123;100612;198.290000000;10;9454454884;S
20240123;100616;198.330000000;20;9454455535;S
20240123;100616;198.390000000;20;9454455581;B
20240123;100619;198.380000000;150;9454456064;B
20240123;100619;198.380000000;10;9454456120;B
20240123;100620;198.390000000;100;9454456307;S
20240123;100620;198.330000000;80;9454456308;S
20240123;100620;198.300000000;230;9454456309;S
20240123;100620;198.300000000;580;9454456310;S
20240123;100620;198.290000000;40;9454456311;S
20240123;100621;198.290000000;200;9454456406;S
20240123;100623;198.350000000;100;9454456798;B
20240123;100623;198.370000000;180;9454456799;B
20240123;100624;198.380000000;20;9454456808;S
20240123;100629;198.370000000;50;9454457545;S
20240123;100631;198.370000000;100;9454457818;S
20240123;100632;198.380000000;20;9454457982;B
20240123;100633;198.380000000;180;9454458160;B
20240123;100633;198.380000000;70;9454458161;B
20240123;100634;198.380000000;30;9454458275;B
20240123;100634;198.390000000;100;9454458276;B
20240123;100634;198.390000000;230;9454458277;B
20240123;100634;198.390000000;150;9454458278;B
20240123;100634;198.400000000;1490;9454458279;B
20240123;100634;198.370000000;300;9454458292;S
20240123;100636;198.380000000;10;9454458561;B
20240123;100636;198.370000000;500;9454458598;S
20240123;100637;198.380000000;190;9454458701;B
20240123;100638;198.380000000;910;9454458918;S
20240123;100638;198.380000000;230;9454458919;S
20240123;100638;198.380000000;70;9454458920;S
20240123;100638;198.370000000;3290;9454458921;S
20240123;100639;198.370000000;10;9454458993;S
20240123;100639;198.390000000;20;9454459079;B
20240123;100639;198.390000000;180;9454459080;B
20240123;100642;198.400000000;100;9454459409;B
20240123;100645;198.370000000;470;9454459786;S
20240123;100645;198.340000000;230;9454459787;S
20240123;100645;198.330000000;180;9454459788;S
20240123;100645;198.330000000;1000;9454459789;S
20240123;100645;198.310000000;10;9454459790;S
20240123;100645;198.300000000;100;9454459791;S
20240123;100645;198.290000000;10;9454459792;S
20240123;100646;198.390000000;10;9454459826;B
20240123;100646;198.290000000;740;9454459831;S
20240123;100646;198.290000000;10;9454459832;S
20240123;100646;198.290000000;50;9454459833;S
20240123;100646;198.290000000;50;9454459834;S
20240123;100646;198.290000000;10;9454459835;S
20240123;100646;198.280000000;80;9454459836;S
20240123;100646;198.370000000;180;9454459841;B
20240123;100646;198.380000000;1820;9454459842;B
20240123;100647;198.400000000;200;9454459925;B
20240123;100648;198.400000000;30;9454460040;B
20240123;100650;198.380000000;100;9454460398;S
20240123;100651;198.400000000;1000;9454460513;B
20240123;100651;198.380000000;80;9454460556;S
20240123;100651;198.400000000;10;9454460575;B
20240123;100652;198.380000000;200;9454460760;S
20240123;100652;198.380000000;200;9454460761;S
20240123;100652;198.380000000;60;9454460780;S
20240123;100653;198.390000000;80;9454460835;B
20240123;100653;198.380000000;40;9454460966;S
20240123;100656;198.380000000;30;9454461381;S
20240123;100659;198.380000000;170;9454461758;S
20240123;100659;198.380000000;120;9454461759;S
20240123;100659;198.380000000;100;9454461760;S
20240123;100702;198.350000000;100;9454462125;B
20240123;100707;198.350000000;20;9454462765;B
20240123;100707;198.340000000;10;9454462947;S
20240123;100707;198.310000000;10;9454462948;S
20240123;100707;198.300000000;180;9454462949;S
20240123;100707;198.290000000;20;9454462950;S
20240123;100707;198.290000000;50;9454462951;S
20240123;100707;198.280000000;50;9454462952;S
20240123;100707;198.280000000;180;9454462953;S
20240123;100707;198.290000000;400;9454462955;B
20240123;100709;198.340000000;100;9454463321;B
20240123;100711;198.340000000;80;9454463687;B
20240123;100714;198.340000000;70;9454464221;S
20240123;100714;198.340000000;10;9454464222;S
20240123;100716;198.350000000;10;9454464789;B
20240123;100718;198.340000000;90;9454465112;S
20240123;100724;198.290000000;10;9454465855;S
20240123;100724;198.340000000;40;9454465899;B
20240123;100725;198.340000000;10;9454466031;B
20240123;100728;198.320000000;10;9454466424;S
20240123;100732;198.340000000;100;9454466830;B
20240123;100732;198.340000000;20;9454466918;B
20240123;100732;198.340000000;970;9454466919;B
20240123;100733;198.350000000;60;9454467024;B
20240123;100733;198.350000000;100;9454467025;B
20240123;100733;198.370000000;50;9454467026;B
20240123;100733;198.380000000;230;9454467027;B
20240123;100733;198.390000000;160;9454467028;B
20240123;100733;198.400000000;70;9454467054;B
20240123;100734;198.400000000;250;9454467129;B
20240123;100734;198.400000000;200;9454467144;B
20240123;100735;198.390000000;1900;9454467258;S
20240123;100735;198.390000000;230;9454467259;S
20240123;100735;198.390000000;100;9454467260;S
20240123;100735;198.390000000;90;9454467261;S
20240123;100735;198.380000000;180;9454467262;S
20240123;100735;198.400000000;2500;9454467413;B
20240123;100743;198.380000000;10;9454468545;B
20240123;100743;198.380000000;10;9454468603;B
20240123;100744;198.370000000;50;9454468717;S
20240123;100744;198.360000000;70;9454468718;S
20240123;100745;198.360000000;120;9454468781;S
20240123;100745;198.350000000;140;9454468782;S
20240123;100746;198.350000000;860;9454468930;S
20240123;100746;198.340000000;50;9454468931;S
20240123;100746;198.340000000;230;9454468932;S
20240123;100746;198.320000000;100;9454468933;S
20240123;100746;198.320000000;50;9454468934;S
20240123;100746;198.320000000;50;9454468935;S
20240123;100746;198.320000000;10;9454468936;S
20240123;100746;198.300000000;650;9454468937;S
20240123;100746;198.370000000;50;9454468946;B
20240123;100748;198.320000000;100;9454469193;B
20240123;100749;198.370000000;30;9454469283;B
20240123;100752;198.380000000;20;9454469645;B
20240123;100754;198.380000000;10;9454469811;B
20240123;100754;198.380000000;40;9454469812;B
20240123;100754;198.390000000;230;9454469813;B
20240123;100754;198.390000000;100;9454469814;B
20240123;100754;198.390000000;10;9454469815;B
20240123;100754;198.400000000;4610;9454469816;B
20240123;100754;198.400000000;5000;9454469876;B
20240123;100755;198.400000000;4540;9454470018;B
20240123;100755;198.400000000;950;9454470019;B
20240123;100755;198.400000000;10;9454470020;B
20240123;100755;198.400000000;30;9454470021;B
20240123;100755;198.400000000;960;9454470022;B
20240123;100755;198.410000000;80;9454470023;B
20240123;100755;198.410000000;80;9454470024;B
20240123;100755;198.430000000;230;9454470025;B
20240123;100755;198.440000000;4010;9454470026;B
20240123;100755;198.440000000;90;9454470027;B
20240123;100755;198.440000000;10;9454470028;B
20240123;100755;198.460000000;50;9454470029;B
20240123;100755;198.420000000;130;9454470049;S
20240123;100755;198.480000000;200;9454470123;B
20240123;100756;198.500000000;280;9454470194;B
20240123;100756;198.500000000;10;9454470195;B
20240123;100756;198.500000000;20;9454470196;B
20240123;100756;198.500000000;40;9454470197;B
20240123;100756;198.510000000;10;9454470198;B
20240123;100757;198.540000000;10;9454470242;B
20240123;100757;198.540000000;20;9454470322;B
20240123;100757;198.540000000;60;9454470323;B
20240123;100757;198.540000000;50;9454470324;B
20240123;100758;198.550000000;10;9454470437;B
20240123;100758;198.550000000;100;9454470438;B
20240123;100758;198.590000000;110;9454470474;B
20240123;100759;198.530000000;80;9454470518;S
20240123;100759;198.530000000;100;9454470519;S
20240123;100759;198.520000000;100;9454470520;S
20240123;100759;198.510000000;90;9454470521;S
20240123;100759;198.590000000;100;9454470552;B
20240123;100803;198.550000000;10;9454471189;B
20240123;100803;198.560000000;100;9454471190;B
20240123;100803;198.570000000;10;9454471191;B
20240123;100803;198.580000000;80;9454471192;B
20240123;100803;198.580000000;10;9454471218;B
20240123;100803;198.590000000;190;9454471219;B
20240123;100806;198.580000000;10;9454471551;B
20240123;100806;198.590000000;10;9454471552;B
20240123;100808;198.590000000;20;9454472008;B
20240123;100808;198.590000000;10;9454472058;B
20240123;100808;198.590000000;260;9454472085;B
20240123;100808;198.590000000;50;9454472086;B
20240123;100808;198.590000000;10;9454472087;B
20240123;100809;198.580000000;20;9454472190;S
20240123;100809;198.540000000;190;9454472191;S
20240123;100809;198.540000000;90;9454472192;S
20240123;100809;198.540000000;40;9454472193;S
20240123;100809;198.530000000;100;9454472194;S
20240123;100809;198.530000000;60;9454472195;S
20240123;100809;198.590000000;170;9454472254;B
20240123;100809;198.600000000;50;9454472255;B
20240123;100809;198.600000000;30;9454472256;B
20240123;100812;198.540000000;110;9454472662;S
20240123;100812;198.530000000;180;9454472663;S
20240123;100812;198.520000000;110;9454472664;S
20240123;100816;198.560000000;160;9454473249;B
20240123;100816;198.590000000;180;9454473250;B
20240123;100816;198.590000000;60;9454473251;B
20240123;100816;198.600000000;170;9454473252;B
20240123;100816;198.600000000;90;9454473253;B
20240123;100819;198.600000000;210;9454473784;B
20240123;100819;198.600000000;50;9454473785;B
20240123;100819;198.600000000;170;9454473786;B
20240123;100823;198.600000000;60;9454474506;S
20240123;100827;198.590000000;50;9454475244;S
20240123;100829;198.590000000;30;9454475661;S
20240123;100831;198.620000000;10;9454475861;B
20240123;100834;198.630000000;100;9454476527;B
20240123;100837;198.630000000;10;9454476918;B
20240123;100837;198.630000000;10;9454476919;B
20240123;100837;198.610000000;90;9454476939;S
20240123;100837;198.610000000;120;9454476940;S
20240123;100837;198.600000000;70;9454476941;S
20240123;100838;198.630000000;40;9454477048;B
20240123;100838;198.640000000;10;9454477084;B
20240123;100839;198.640000000;100;9454477120;B
20240123;100839;198.640000000;90;9454477171;B
20240123;100839;198.630000000;20;9454477248;S
20240123;100840;198.670000000;10;9454477343;B
20240123;100840;198.680000000;40;9454477344;B
20240123;100841;198.670000000;40;9454477514;B
20240123;100841;198.670000000;200;9454477515;S
20240123;100842;198.680000000;20;9454477681;B
20240123;100844;198.680000000;30;9454477988;B
20240123;100844;198.680000000;50;9454477989;B
20240123;100844;198.680000000;80;9454477990;B
20240123;100844;198.690000000;10;9454477991;B
20240123;100846;198.680000000;100;9454478235;S
20240123;100847;198.670000000;40;9454478283;S
20240123;100847;198.690000000;300;9454478327;B
20240123;100847;198.670000000;10;9454478345;S
20240123;100848;198.690000000;190;9454478392;B
20240123;100848;198.690000000;10;9454478393;B
20240123;100852;198.680000000;10;9454478987;B
20240123;100853;198.680000000;90;9454479059;B
20240123;100853;198.690000000;10;9454479060;B
20240123;100855;198.690000000;10;9454479431;B
20240123;100856;198.690000000;20;9454479512;B
20240123;100857;198.690000000;30;9454479665;B
20240123;100858;198.690000000;10;9454479748;B
20240123;100902;198.660000000;10;9454480584;S
20240123;100902;198.660000000;10;9454480585;S
20240123;100902;198.640000000;10;9454480586;S
20240123;100902;198.640000000;100;9454480653;S
20240123;100903;198.680000000;10;9454480714;B
20240123;100904;198.660000000;10;9454480840;B
20240123;100904;198.660000000;70;9454480878;B
20240123;100904;198.670000000;90;9454480879;B
20240123;100905;198.630000000;200;9454481014;S
20240123;100907;198.650000000;10;9454481418;B
20240123;100907;198.670000000;150;9454481419;B
20240123;100913;198.630000000;110;9454482363;S
20240123;100915;198.670000000;10;9454482722;B
20240123;100915;198.670000000;100;9454482723;B
20240123;100916;198.660000000;160;9454482823;B
20240123;100916;198.660000000;100;9454482824;B
20240123;100916;198.670000000;70;9454482825;B
20240123;100919;198.620000000;10;9454483147;S
20240123;100921;198.620000000;10;9454483443;S
20240123;100921;198.620000000;10;9454483444;S
20240123;100921;198.610000000;80;9454483445;S
20240123;100923;198.610000000;30;9454483746;S
20240123;100923;198.600000000;60;9454483747;S
20240123;100924;198.590000000;50;9454483883;S
20240123;100925;198.590000000;20;9454483968;S
20240123;100925;198.630000000;10;9454483996;B
20240123;100927;198.590000000;100;9454484184;S
20240123;100927;198.590000000;200;9454484185;S
20240123;100927;198.580000000;200;9454484186;S
20240123;100927;198.580000000;20;9454484187;S
20240123;100935;198.580000000;10;9454485412;S
20240123;100936;198.580000000;10;9454485582;S
20240123;100946;198.590000000;300;9454486841;S
20240123;100952;198.600000000;10;9454487613;B
20240123;100953;198.590000000;10;9454487654;S
20240123;100953;198.590000000;100;9454487775;S
20240123;100956;198.600000000;190;9454488148;B
20240123;100956;198.600000000;190;9454488149;B
20240123;100956;198.610000000;590;9454488150;B
20240123;100956;198.620000000;80;9454488151;B
20240123;100956;198.630000000;760;9454488152;B
20240123;100956;198.630000000;140;9454488153;B
20240123;100956;198.630000000;500;9454488154;B
20240123;101003;198.600000000;40;9454489106;B
20240123;101003;198.600000000;40;9454489107;B
20240123;101005;198.590000000;200;9454489456;S
20240123;101005;198.590000000;40;9454489457;S
20240123;101005;198.590000000;400;9454489458;S
20240123;101005;198.590000000;190;9454489459;S
20240123;101005;198.580000000;460;9454489460;S
20240123;101005;198.580000000;10;9454489461;S
20240123;101005;198.580000000;150;9454489462;S
20240123;101005;198.580000000;550;9454489463;S
20240123;101006;198.590000000;420;9454489536;B
20240123;101006;198.600000000;140;9454489537;B
20240123;101006;198.600000000;190;9454489538;B
20240123;101006;198.610000000;500;9454489539;B
20240123;101007;198.620000000;760;9454489661;B
20240123;101007;198.630000000;1140;9454489662;B
20240123;101007;198.630000000;8360;9454489738;B
20240123;101007;198.630000000;260;9454489739;B
20240123;101007;198.630000000;330;9454489740;B
20240123;101007;198.640000000;1000;9454489741;B
20240123;101007;198.660000000;500;9454489742;B
20240123;101007;198.660000000;80;9454489743;B
20240123;101007;198.680000000;90;9454489744;B
20240123;101007;198.680000000;1000;9454489745;B
20240123;101007;198.690000000;440;9454489746;B
20240123;101007;198.690000000;10;9454489747;B
20240123;101007;198.690000000;10;9454489748;B
20240123;101008;198.700000000;130;9454489880;B
20240123;101008;198.700000000;2000;9454489881;B
20240123;101008;198.720000000;10;9454489883;B
20240123;101010;198.780000000;10;9454490206;B
20240123;101010;198.780000000;40;9454490220;B
20240123;101011;198.780000000;150;9454490226;S
20240123;101012;198.730000000;50;9454490300;B
20240123;101013;198.770000000;500;9454490438;B
20240123;101013;198.780000000;180;9454490439;B
20240123;101013;198.790000000;50;9454490440;B
20240123;101013;198.790000000;50;9454490441;B
20240123;101013;198.790000000;190;9454490442;B
20240123;101013;198.790000000;10;9454490443;B
20240123;101013;198.790000000;90;9454490444;B
20240123;101013;198.800000000;240;9454490445;B
20240123;101013;198.800000000;100;9454490446;B
20240123;101014;198.800000000;1000;9454490631;B
20240123;101015;198.750000000;20;9454490881;S
20240123;101020;198.750000000;100;9454491320;S
20240123;101022;198.770000000;10;9454491508;B
20240123;101022;198.760000000;10;9454491526;S
20240123;101022;198.760000000;50;9454491550;S
20240123;101022;198.780000000;50;9454491551;B
20240123;101023;198.790000000;500;9454491614;B
20240123;101023;198.790000000;110;9454491615;B
20240123;101023;198.780000000;200;9454491646;B
20240123;101023;198.790000000;40;9454491654;B
20240123;101024;198.790000000;50;9454491693;B
20240123;101024;198.790000000;150;9454491757;S
20240123;101024;198.780000000;10;9454491758;S
20240123;101024;198.770000000;40;9454491759;S
20240123;101024;198.800000000;60;9454491768;B
20240123;101025;198.780000000;210;9454491853;B
20240123;101027;198.770000000;130;9454492075;S
20240123;101027;198.770000000;180;9454492159;S
20240123;101027;198.760000000;20;9454492160;S
20240123;101028;198.790000000;50;9454492244;B
20240123;101028;198.800000000;50;9454492245;B
20240123;101030;198.780000000;200;9454492687;B
20240123;101030;198.780000000;50;9454492709;B
20240123;101030;198.800000000;50;9454492710;B
20240123;101032;198.800000000;740;9454492982;B
20240123;101032;198.810000000;90;9454492983;B
20240123;101032;198.820000000;170;9454492984;B
20240123;101032;198.840000000;130;9454492990;B
20240123;101032;198.800000000;10;9454493016;B
20240123;101033;198.840000000;50;9454493163;B
20240123;101044;198.820000000;10;9454494630;B
20240123;101044;198.830000000;40;9454494631;B
20240123;101044;198.830000000;250;9454494632;B
20240123;101046;198.830000000;10;9454494881;B
20240123;101050;198.820000000;10;9454495293;B
20240123;101051;198.820000000;250;9454495375;B
20240123;101051;198.820000000;500;9454495376;B
20240123;101051;198.820000000;250;9454495377;B
20240123;101051;198.820000000;10;9454495404;B
20240123;101053;198.800000000;30;9454495534;S
20240123;101053;198.800000000;30;9454495635;S
20240123;101054;198.800000000;30;9454495756;S
20240123;101055;198.790000000;30;9454495876;S
20240123;101055;198.790000000;30;9454495992;S
20240123;101055;198.790000000;40;9454496001;S
20240123;101056;198.710000000;30;9454496081;S
20240123;101057;198.700000000;30;9454496211;S
20240123;101058;198.700000000;30;9454496291;S
20240123;101102;198.700000000;10;9454496696;S
20240123;101103;198.700000000;50;9454496839;S
20240123;101106;198.700000000;10;9454497127;S
20240123;101106;198.750000000;30;9454497128;B
20240123;101109;198.750000000;20;9454497383;B
20240123;101111;198.750000000;10;9454497581;S
20240123;101117;198.720000000;50;9454498190;S
20240123;101117;198.720000000;10;9454498191;S
20240123;101117;198.750000000;150;9454498192;B
20240123;101121;198.740000000;100;9454499119;S
20240123;101121;198.720000000;150;9454499120;S
20240123;101121;198.720000000;10;9454499121;S
20240123;101122;198.740000000;60;9454499242;B
20240123;101123;198.710000000;70;9454499311;S
20240123;101123;198.730000000;10;9454499340;B
20240123;101125;198.710000000;170;9454499649;S
20240123;101127;198.720000000;500;9454499820;B
20240123;101127;198.720000000;160;9454499821;B
20240123;101127;198.720000000;190;9454499822;B
20240123;101127;198.730000000;990;9454499823;B
20240123;101127;198.740000000;90;9454499824;B
20240123;101127;198.750000000;260;9454499825;B
20240123;101127;198.750000000;100;9454499826;B
20240123;101127;198.750000000;500;9454499827;B
20240123;101127;198.760000000;50;9454499828;B
20240123;101127;198.780000000;50;9454499829;B
20240123;101127;198.780000000;110;9454499830;B
20240123;101127;198.720000000;10;9454499831;S
20240123;101128;198.730000000;10;9454499909;S
20240123;101132;198.730000000;80;9454500589;S
20240123;101132;198.730000000;40;9454500590;S
20240123;101132;198.730000000;60;9454500600;S
20240123;101135;198.760000000;160;9454501012;S
20240123;101135;198.760000000;340;9454501013;S
20240123;101138;198.760000000;10;9454501436;S
20240123;101139;198.780000000;40;9454501483;B
20240123;101139;198.780000000;10;9454501484;B
20240123;101145;198.780000000;270;9454502233;B
20240123;101145;198.780000000;10;9454502234;B
20240123;101145;198.790000000;760;9454502235;B
20240123;101145;198.790000000;590;9454502236;B
20240123;101145;198.790000000;410;9454502237;B
20240123;101145;198.790000000;90;9454502238;B
20240123;101145;198.790000000;90;9454502239;B
20240123;101145;198.790000000;760;9454502240;B
20240123;101145;198.780000000;270;9454502259;S
20240123;101146;198.800000000;100;9454502318;B
20240123;101147;198.800000000;400;9454502558;B
20240123;101147;198.800000000;500;9454502559;B
20240123;101147;198.800000000;100;9454502560;B
20240123;101148;198.830000000;470;9454502687;B
20240123;101148;198.830000000;500;9454502688;B
20240123;101148;198.830000000;500;9454502689;B
20240123;101148;198.840000000;3000;9454502690;B
20240123;101148;198.840000000;2690;9454502691;B
20240123;101148;198.840000000;140;9454502692;B
20240123;101148;198.850000000;20;9454502694;B
20240123;101148;198.850000000;100;9454502695;B
20240123;101148;198.880000000;200;9454502697;B
20240123;101148;198.880000000;10;9454502698;B
20240123;101148;198.880000000;160;9454502699;B
20240123;101148;198.880000000;500;9454502700;B
20240123;101148;198.890000000;100;9454502702;B
20240123;101148;198.850000000;80;9454502705;S
20240123;101149;198.890000000;100;9454502743;B
20240123;101149;198.900000000;100;9454502766;B
20240123;101149;198.900000000;90;9454502767;B
20240123;101149;198.900000000;40;9454502768;B
20240123;101149;198.900000000;10;9454502769;B
20240123;101149;198.900000000;20;9454502778;B
20240123;101149;198.900000000;980;9454502779;B
20240123;101149;198.900000000;1000;9454502783;B
20240123;101149;198.900000000;1000;9454502785;B
20240123;101149;198.910000000;100;9454502786;B
20240123;101149;198.910000000;400;9454502789;B
20240123;101149;198.910000000;500;9454502790;B
20240123;101150;198.940000000;10;9454502799;B
20240123;101150;198.960000000;60;9454502800;B
20240123;101150;198.940000000;50;9454502897;B
20240123;101151;198.970000000;500;9454503006;B
20240123;101151;198.980000000;10;9454503007;B
20240123;101151;198.990000000;100;9454503008;B
20240123;101151;199.000000000;160;9454503009;B
20240123;101151;199.000000000;50;9454503010;B
20240123;101151;199.000000000;80;9454503011;B
20240123;101151;199.000000000;10;9454503012;B
20240123;101151;199.000000000;250;9454503013;B
20240123;101151;199.000000000;10;9454503014;B
20240123;101151;199.000000000;10;9454503015;B
20240123;101151;199.000000000;50;9454503016;B
20240123;101151;199.000000000;10;9454503017;B
20240123;101151;199.000000000;120;9454503018;B
20240123;101151;199.000000000;470;9454503019;B
20240123;101151;199.000000000;50;9454503020;B
20240123;101151;199.000000000;160;9454503021;B
20240123;101151;199.020000000;40;9454503022;B
20240123;101151;199.030000000;200;9454503023;B
20240123;101151;199.030000000;10;9454503024;B
20240123;101151;199.040000000;250;9454503025;B
20240123;101151;199.060000000;250;9454503026;B
20240123;101151;199.070000000;200;9454503027;B
20240123;101151;199.070000000;1000;9454503028;B
20240123;101151;199.080000000;50;9454503029;B
20240123;101151;199.080000000;500;9454503030;B
20240123;101151;199.090000000;10;9454503031;B
20240123;101151;199.110000000;100;9454503032;B
20240123;101151;199.130000000;30;9454503033;B
20240123;101151;199.130000000;500;9454503034;B
20240123;101151;199.140000000;320;9454503035;B
20240123;101151;199.050000000;10;9454503091;B
20240123;101151;199.050000000;10;9454503092;B
20240123;101151;199.130000000;990;9454503093;B
20240123;101151;199.150000000;10;9454503094;B
20240123;101151;199.120000000;140;9454503095;B
20240123;101151;199.150000000;1490;9454503096;B
20240123;101151;199.150000000;200;9454503097;B
20240123;101151;199.150000000;150;9454503098;B
20240123;101151;199.150000000;90;9454503099;B
20240123;101151;199.180000000;430;9454503100;B
20240123;101151;199.170000000;50;9454503118;B
20240123;101152;199.170000000;90;9454503157;B
20240123;101152;199.180000000;120;9454503158;B
20240123;101152;199.090000000;50;9454503159;S
20240123;101152;199.180000000;880;9454503160;B
20240123;101152;199.190000000;30;9454503161;B
20240123;101152;199.190000000;150;9454503162;B
20240123;101152;199.200000000;1000;9454503163;B
20240123;101152;199.200000000;20;9454503164;B
20240123;101152;199.200000000;10;9454503165;B
20240123;101152;199.200000000;50;9454503166;S
20240123;101152;199.260000000;150;9454503248;B
20240123;101152;199.210000000;100;9454503249;S
20240123;101152;199.260000000;850;9454503250;B
20240123;101152;199.270000000;300;9454503251;B
20240123;101152;199.320000000;30;9454503252;B
20240123;101152;199.320000000;20;9454503253;B
20240123;101152;199.330000000;1820;9454503254;B
20240123;101152;199.340000000;1480;9454503255;B
20240123;101153;199.250000000;50;9454503362;B
20240123;101153;199.260000000;200;9454503363;B
20240123;101153;199.260000000;70;9454503385;B
20240123;101153;199.260000000;30;9454503395;B
20240123;101154;199.250000000;50;9454503500;S
20240123;101155;199.230000000;50;9454503606;S
20240123;101159;199.220000000;50;9454504171;S
20240123;101159;199.250000000;50;9454504201;B
20240123;101159;199.250000000;10;9454504202;B
20240123;101159;199.250000000;10;9454504203;B
20240123;101159;199.260000000;800;9454504204;B
20240123;101159;199.260000000;30;9454504205;B
20240123;101159;199.270000000;50;9454504206;B
20240123;101159;199.280000000;1000;9454504207;B
20240123;101159;199.280000000;130;9454504208;B
20240123;101159;199.300000000;1000;9454504209;B
20240123;101159;199.350000000;50;9454504210;B
20240123;101159;199.370000000;280;9454504211;B
20240123;101159;199.380000000;760;9454504212;B
20240123;101159;199.380000000;250;9454504213;B
20240123;101159;199.390000000;80;9454504214;B
20240123;101159;199.380000000;10;9454504238;B
20240123;101201;199.330000000;50;9454504427;B
20240123;101201;199.370000000;760;9454504428;B
20240123;101201;199.370000000;50;9454504429;B
20240123;101201;199.380000000;990;9454504430;B
20240123;101201;199.380000000;500;9454504431;B
20240123;101201;199.390000000;420;9454504432;B
20240123;101201;199.400000000;30;9454504433;B
20240123;101201;199.400000000;10;9454504434;B
20240123;101201;199.400000000;430;9454504435;B
20240123;101201;199.400000000;250;9454504436;B
20240123;101201;199.400000000;60;9454504437;B
20240123;101201;199.410000000;1000;9454504438;B
20240123;101201;199.420000000;250;9454504439;B
20240123;101201;199.440000000;200;9454504440;B
20240123;101201;199.440000000;50;9454504442;B
20240123;101201;199.440000000;50;9454504443;B
20240123;101203;199.410000000;20;9454504610;S
20240123;101203;199.430000000;200;9454504626;B
20240123;101203;199.440000000;950;9454504627;B
20240123;101203;199.450000000;70;9454504628;B
20240123;101203;199.460000000;2020;9454504629;B
20240123;101203;199.470000000;20;9454504630;B
20240123;101203;199.470000000;10;9454504631;B
20240123;101203;199.470000000;50;9454504632;B
20240123;101203;199.470000000;1680;9454504633;B
20240123;101203;199.420000000;50;9454504650;B
20240123;101204;199.450000000;10;9454504888;B
20240123;101206;199.440000000;50;9454505044;B
20240123;101206;199.440000000;10;9454505169;B
20240123;101207;199.430000000;230;9454505253;S
20240123;101208;199.450000000;90;9454505344;B
20240123;101208;199.450000000;50;9454505345;B
20240123;101208;199.450000000;1000;9454505346;B
20240123;101208;199.480000000;10;9454505347;B
20240123;101208;199.480000000;20;9454505348;B
20240123;101208;199.490000000;10;9454505349;B
20240123;101208;199.490000000;20;9454505350;B
20240123;101208;199.490000000;10;9454505351;B
20240123;101208;199.500000000;20;9454505352;B
20240123;101208;199.500000000;10;9454505353;B
20240123;101208;199.470000000;250;9454505385;B
20240123;101208;199.490000000;1000;9454505414;B
20240123;101208;199.490000000;500;9454505415;B
20240123;101208;199.500000000;10;9454505416;B
20240123;101208;199.500000000;1000;9454505417;B
20240123;101208;199.500000000;350;9454505418;B
20240123;101208;199.500000000;50;9454505419;B
20240123;101208;199.500000000;30;9454505420;B
20240123;101208;199.500000000;50;9454505421;B
20240123;101208;199.510000000;10;9454505422;B
20240123;101208;199.450000000;10;9454505424;S
20240123;101208;199.500000000;1000;9454505426;B
20240123;101208;199.510000000;20;9454505427;B
20240123;101208;199.510000000;1000;9454505428;B
20240123;101208;199.550000000;30;9454505429;B
20240123;101208;199.570000000;20;9454505430;B
20240123;101208;199.580000000;30;9454505431;B
20240123;101208;199.580000000;20;9454505432;B
20240123;101209;199.560000000;280;9454505535;B
20240123;101209;199.580000000;470;9454505536;B
20240123;101209;199.550000000;30;9454505565;B
20240123;101209;199.580000000;530;9454505566;B
20240123;101209;199.580000000;100;9454505567;B
20240123;101209;199.590000000;10;9454505568;B
20240123;101209;199.590000000;10;9454505569;B
20240123;101209;199.590000000;10;9454505570;B
20240123;101209;199.590000000;130;9454505571;B
20240123;101209;199.600000000;160;9454505576;B
20240123;101209;199.540000000;10;9454505614;S
20240123;101209;199.600000000;120;9454505666;B
20240123;101209;199.610000000;220;9454505667;B
20240123;101209;199.620000000;660;9454505668;B
20240123;101210;199.550000000;180;9454505743;S
20240123;101210;199.540000000;490;9454505744;S
20240123;101210;199.510000000;10;9454505745;S
20240123;101210;199.510000000;1320;9454505746;S
20240123;101210;199.610000000;70;9454505771;B
20240123;101210;199.630000000;200;9454505784;B
20240123;101210;199.630000000;400;9454505838;B
20240123;101211;199.600000000;50;9454505874;S
20240123;101211;199.600000000;20;9454505895;S
20240123;101212;199.600000000;30;9454506007;S
20240123;101212;199.600000000;70;9454506008;S
20240123;101212;199.600000000;50;9454506069;S
20240123;101212;199.630000000;100;9454506116;B
20240123;101213;199.620000000;70;9454506247;B
20240123;101214;199.620000000;500;9454506337;B
20240123;101214;199.600000000;10;9454506346;S
20240123;101215;199.600000000;90;9454506482;S
20240123;101215;199.600000000;10;9454506490;S
20240123;101216;199.600000000;20;9454506579;S
20240123;101216;199.600000000;40;9454506580;S
20240123;101216;199.600000000;10;9454506581;S
20240123;101216;199.600000000;100;9454506627;S
20240123;101217;199.610000000;10;9454506641;B
20240123;101217;199.600000000;350;9454506660;S
20240123;101217;199.550000000;230;9454506661;S
20240123;101220;199.550000000;50;9454506969;S
20240123;101221;199.550000000;60;9454507039;S
20240123;101221;199.560000000;710;9454507088;B
20240123;101221;199.560000000;50;9454507111;B
20240123;101221;199.550000000;10;9454507114;S
20240123;101222;199.550000000;10;9454507166;S
20240123;101222;199.550000000;10;9454507185;S
20240123;101222;199.550000000;70;9454507229;S
20240123;101222;199.550000000;60;9454507283;S
20240123;101222;199.550000000;20;9454507284;S
20240123;101223;199.550000000;10;9454507404;S
20240123;101224;199.550000000;10;9454507468;S
20240123;101226;199.550000000;10;9454507642;S
20240123;101227;199.550000000;10;9454507770;S
20240123;101229;199.550000000;200;9454508028;S
20240123;101229;199.550000000;70;9454508087;S
20240123;101229;199.550000000;730;9454508096;S
20240123;101229;199.540000000;50;9454508097;S
20240123;101229;199.530000000;220;9454508098;S
20240123;101229;199.500000000;200;9454508106;S
20240123;101232;199.500000000;1000;9454508401;S
20240123;101232;199.500000000;10;9454508402;S
20240123;101233;199.500000000;30;9454508492;S
20240123;101233;199.500000000;100;9454508493;S
20240123;101233;199.500000000;10;9454508562;S
20240123;101234;199.500000000;50;9454508667;S
20240123;101235;199.500000000;40;9454508744;S
20240123;101235;199.500000000;20;9454508745;S
20240123;101235;199.510000000;50;9454508787;B
20240123;101236;199.510000000;250;9454508814;B
20240123;101236;199.500000000;20;9454508815;S
20240123;101236;199.500000000;90;9454508840;S
20240123;101237;199.500000000;40;9454509073;S
20240123;101237;199.500000000;10;9454509087;S
20240123;101239;199.500000000;50;9454509434;S
20240123;101239;199.500000000;10;9454509489;S
20240123;101240;199.500000000;30;9454509532;S
20240123;101240;199.510000000;20;9454509555;B
20240123;101240;199.500000000;30;9454509588;S
20240123;101240;199.500000000;30;9454509593;S
20240123;101241;199.500000000;50;9454509633;S
20240123;101241;199.500000000;10;9454509636;S
20240123;101241;199.510000000;20;9454509660;B
20240123;101241;199.500000000;20;9454509669;S
20240123;101241;199.500000000;10;9454509674;S
20240123;101242;199.500000000;10;9454509714;S
20240123;101242;199.500000000;30;9454509727;S
20240123;101242;199.500000000;30;9454509733;S
20240123;101242;199.500000000;30;9454509734;S
20240123;101243;199.500000000;120;9454509806;S
20240123;101243;199.510000000;460;9454509817;B
20240123;101243;199.510000000;10;9454509818;B
20240123;101243;199.510000000;50;9454509819;B
20240123;101243;199.510000000;40;9454509820;B
20240123;101243;199.500000000;30;9454509827;S
20240123;101243;199.520000000;130;9454509870;B
20240123;101243;199.530000000;760;9454509871;B
20240123;101243;199.530000000;90;9454509872;B
20240123;101243;199.540000000;250;9454509873;B
20240123;101243;199.540000000;580;9454509874;B
20240123;101243;199.550000000;10;9454509875;B
20240123;101243;199.550000000;100;9454509876;B
20240123;101243;199.550000000;1080;9454509877;B
20240123;101243;199.500000000;30;9454509889;S
20240123;101245;199.510000000;10;9454510044;B
20240123;101245;199.540000000;90;9454510045;B
20240123;101245;199.500000000;30;9454510067;S
20240123;101245;199.500000000;30;9454510068;S
20240123;101245;199.500000000;30;9454510069;S
20240123;101248;199.500000000;1000;9454510252;S
20240123;101248;199.510000000;10;9454510327;B
20240123;101249;199.500000000;820;9454510369;S
20240123;101249;199.500000000;20;9454510370;S
20240123;101249;199.500000000;160;9454510371;S
20240123;101249;199.500000000;10;9454510433;S
20240123;101250;199.510000000;10;9454510449;B
20240123;101250;199.500000000;230;9454510478;S
20240123;101250;199.500000000;770;9454510479;S
20240123;101251;199.500000000;60;9454510609;S
20240123;101251;199.500000000;50;9454510614;S
20240123;101251;199.510000000;40;9454510626;B
20240123;101251;199.510000000;130;9454510627;B
20240123;101251;199.510000000;290;9454510628;B
20240123;101251;199.520000000;250;9454510629;B
20240123;101251;199.530000000;10;9454510641;S
20240123;101253;199.540000000;670;9454510865;B
20240123;101253;199.540000000;250;9454510866;B
20240123;101253;199.540000000;80;9454510867;B
20240123;101255;199.530000000;40;9454511151;S
20240123;101255;199.530000000;10;9454511152;S
20240123;101255;199.530000000;500;9454511167;S
20240123;101256;199.540000000;760;9454511178;B
20240123;101256;199.540000000;240;9454511179;B
20240123;101257;199.530000000;200;9454511275;S
20240123;101257;199.530000000;40;9454511328;S
20240123;101257;199.530000000;10;9454511339;S
20240123;101257;199.530000000;10;9454511340;S
20240123;101259;199.540000000;700;9454511571;B
20240123;101301;199.530000000;10;9454511689;S
20240123;101302;199.530000000;10;9454511785;S
20240123;101302;199.530000000;50;9454511833;S
20240123;101303;199.540000000;50;9454511945;B
20240123;101304;199.540000000;30;9454512000;B
20240123;101304;199.530000000;170;9454512033;S
20240123;101304;199.530000000;250;9454512034;S
20240123;101304;199.520000000;30;9454512035;S
20240123;101304;199.510000000;130;9454512036;S
20240123;101304;199.500000000;190;9454512037;S
20240123;101304;199.500000000;10;9454512038;S
20240123;101304;199.500000000;10;9454512039;S
20240123;101304;199.470000000;180;9454512040;S
20240123;101304;199.440000000;500;9454512041;S
20240123;101304;199.410000000;10;9454512042;S
20240123;101304;199.400000000;250;9454512043;S
20240123;101304;199.380000000;10;9454512044;S
20240123;101304;199.380000000;260;9454512045;S
20240123;101304;199.390000000;180;9454512046;S
20240123;101304;199.370000000;500;9454512047;S
20240123;101304;199.370000000;120;9454512048;S
20240123;101304;199.300000000;500;9454512049;S
20240123;101304;199.300000000;1000;9454512050;S
20240123;101304;199.300000000;80;9454512051;S
20240123;101304;199.290000000;500;9454512052;S
20240123;101304;199.270000000;10;9454512053;S
20240123;101304;199.260000000;110;9454512054;S
20240123;101305;199.470000000;180;9454512201;B
20240123;101305;199.500000000;470;9454512202;B
20240123;101305;199.510000000;90;9454512203;B
20240123;101305;199.510000000;1820;9454512204;B
20240123;101305;199.520000000;370;9454512205;B
20240123;101305;199.520000000;1000;9454512206;B
20240123;101305;199.530000000;300;9454512207;B
20240123;101305;199.530000000;930;9454512208;B
20240123;101305;199.540000000;20;9454512217;B
20240123;101305;199.540000000;760;9454512218;B
20240123;101305;199.550000000;3920;9454512219;B
20240123;101305;199.560000000;360;9454512220;B
20240123;101305;199.560000000;130;9454512221;B
20240123;101305;199.570000000;10;9454512222;B
20240123;101305;199.570000000;10;9454512223;B
20240123;101305;199.570000000;20;9454512224;B
20240123;101305;199.570000000;10;9454512225;B
20240123;101305;199.600000000;1000;9454512226;B
20240123;101305;199.600000000;20;9454512227;B
20240123;101305;199.600000000;8000;9454512228;B
20240123;101305;199.600000000;10;9454512229;B
20240123;101305;199.600000000;170;9454512230;B
20240123;101305;199.600000000;190;9454512231;B
20240123;101305;199.600000000;500;9454512232;B
20240123;101305;199.610000000;1000;9454512233;B
20240123;101305;199.620000000;1000;9454512234;B
20240123;101305;199.630000000;300;9454512235;B
20240123;101305;199.630000000;150;9454512236;B
20240123;101305;199.640000000;1000;9454512237;B
20240123;101305;199.640000000;50;9454512238;B
20240123;101305;199.650000000;10;9454512239;B
20240123;101305;199.650000000;10;9454512240;B
20240123;101305;199.660000000;500;9454512241;B
20240123;101305;199.680000000;10;9454512242;B
20240123;101305;199.680000000;840;9454512243;B
20240123;101306;199.660000000;10;9454512278;B
20240123;101306;199.660000000;500;9454512332;B
20240123;101307;199.630000000;180;9454512391;B
20240123;101307;199.660000000;760;9454512392;B
20240123;101307;199.670000000;90;9454512393;B
20240123;101307;199.670000000;140;9454512394;B
20240123;101307;199.680000000;160;9454512395;B
20240123;101307;199.690000000;10;9454512396;B
20240123;101307;199.700000000;500;9454512397;B
20240123;101307;199.710000000;3160;9454512398;S
20240123;101307;199.510000000;100;9454512399;S
20240123;101307;199.510000000;80;9454512400;S
20240123;101307;199.510000000;120;9454512401;B
20240123;101307;199.700000000;160;9454512435;B
20240123;101307;199.700000000;90;9454512436;S
20240123;101307;199.720000000;200;9454512439;B
20240123;101307;199.720000000;1000;9454512440;B
20240123;101307;199.730000000;50;9454512441;B
20240123;101307;199.730000000;90;9454512450;B
20240123;101307;199.560000000;10;9454512493;S
20240123;101308;199.720000000;180;9454512535;B
20240123;101308;199.720000000;110;9454512536;B
20240123;101308;199.730000000;60;9454512537;B
20240123;101308;199.730000000;10;9454512538;B
20240123;101308;199.740000000;640;9454512539;B
20240123;101308;199.720000000;40;9454512582;B
20240123;101308;199.730000000;60;9454512583;B
20240123;101308;199.650000000;100;9454512636;S
20240123;101309;199.730000000;50;9454512672;B
20240123;101309;199.740000000;950;9454512673;B
20240123;101309;199.650000000;100;9454512715;S
20240123;101309;199.700000000;200;9454512716;S
20240123;101309;199.700000000;100;9454512717;S
20240123;101309;199.730000000;10;9454512718;S
20240123;101309;199.700000000;100;9454512719;S
20240123;101309;199.700000000;100;9454512720;S
20240123;101309;199.740000000;100;9454512727;B
20240123;101310;199.720000000;60;9454512782;B
20240123;101311;199.710000000;10;9454512913;B
20240123;101311;199.710000000;250;9454512914;B
20240123;101311;199.720000000;120;9454512915;B
20240123;101311;199.720000000;100;9454512916;B
20240123;101311;199.730000000;500;9454512917;B
20240123;101311;199.740000000;270;9454512918;B
20240123;101311;199.730000000;20;9454512919;B
20240123;101312;199.740000000;60;9454513015;B
20240123;101312;199.740000000;10;9454513016;B
20240123;101315;199.680000000;30;9454513407;S
20240123;101316;199.700000000;50;9454513539;B
20240123;101317;199.690000000;10;9454513664;S
20240123;101317;199.690000000;10;9454513665;S
20240123;101317;199.680000000;80;9454513666;S
20240123;101320;199.680000000;50;9454514074;S
20240123;101321;199.710000000;10;9454514151;B
20240123;101322;199.710000000;40;9454514183;B
20240123;101322;199.710000000;250;9454514184;B
20240123;101322;199.700000000;100;9454514185;S
20240123;101322;199.700000000;200;9454514186;S
20240123;101322;199.720000000;150;9454514187;B
20240123;101322;199.710000000;200;9454514190;S
20240123;101322;199.710000000;10;9454514238;S
20240123;101323;199.730000000;50;9454514285;B
20240123;101323;199.710000000;10;9454514286;S
20240123;101323;199.730000000;450;9454514302;B
20240123;101323;199.750000000;10;9454514364;B
20240123;101323;199.750000000;990;9454514365;B
20240123;101324;199.750000000;10;9454514434;B
20240123;101324;199.770000000;10;9454514460;B
20240123;101324;199.770000000;100;9454514461;B
20240123;101324;199.770000000;340;9454514462;B
20240123;101324;199.780000000;20;9454514463;B
20240123;101324;199.780000000;60;9454514464;B
20240123;101324;199.780000000;10;9454514465;B
20240123;101324;199.800000000;4460;9454514466;B
20240123;101325;199.790000000;60;9454514518;B
20240123;101325;199.800000000;230;9454514519;B
20240123;101325;199.820000000;10;9454514520;B
20240123;101325;199.820000000;20;9454514521;B
20240123;101325;199.820000000;180;9454514522;B
20240123;101325;199.800000000;50;9454514531;B
20240123;101325;199.790000000;10;9454514540;S
20240123;101325;199.790000000;10;9454514541;B
20240123;101325;199.810000000;30;9454514542;B
20240123;101325;199.760000000;10;9454514543;S
20240123;101325;199.760000000;20;9454514544;S
20240123;101325;199.800000000;70;9454514579;B
20240123;101325;199.810000000;30;9454514580;B
20240123;101325;199.820000000;420;9454514581;B
20240123;101325;199.820000000;400;9454514584;B
20240123;101325;199.830000000;300;9454514585;B
20240123;101325;199.830000000;20;9454514586;B
20240123;101325;199.830000000;20;9454514587;B
20240123;101325;199.830000000;1650;9454514588;B
20240123;101325;199.830000000;120;9454514589;B
20240123;101325;199.840000000;110;9454514590;B
20240123;101325;199.840000000;40;9454514591;B
20240123;101325;199.850000000;10;9454514592;B
20240123;101325;199.850000000;110;9454514593;B
20240123;101325;199.860000000;100;9454514594;B
20240123;101325;199.860000000;250;9454514595;B
20240123;101325;199.860000000;10;9454514596;B
20240123;101325;199.870000000;1000;9454514597;B
20240123;101325;199.880000000;5000;9454514598;B
20240123;101325;199.880000000;500;9454514599;B
20240123;101325;199.880000000;2000;9454514600;B
20240123;101325;199.880000000;10;9454514601;B
20240123;101325;199.880000000;250;9454514602;B
20240123;101325;199.900000000;50;9454514603;B
20240123;101325;199.900000000;250;9454514604;B
20240123;101325;199.900000000;1800;9454514605;B
20240123;101325;199.900000000;20;9454514606;B
20240123;101325;199.900000000;50;9454514607;B
20240123;101325;199.900000000;50;9454514608;B
20240123;101325;199.900000000;10;9454514609;B
20240123;101325;199.900000000;250;9454514610;B
20240123;101325;199.910000000;10;9454514611;B
20240123;101325;199.920000000;50;9454514612;B
20240123;101325;199.920000000;250;9454514613;B
20240123;101325;199.940000000;2010;9454514614;B
20240123;101325;199.940000000;250;9454514615;B
20240123;101325;199.940000000;10;9454514616;B
20240123;101325;199.950000000;10;9454514617;B
20240123;101325;199.950000000;50;9454514618;B
20240123;101325;199.950000000;400;9454514619;B
20240123;101325;199.950000000;10;9454514620;B
20240123;101325;199.950000000;250;9454514621;B
20240123;101325;199.950000000;50;9454514622;B
20240123;101325;199.950000000;1000;9454514623;B
20240123;101325;199.960000000;10;9454514624;B
20240123;101325;199.960000000;510;9454514625;B
20240123;101325;199.970000000;30;9454514626;B
20240123;101325;199.970000000;150;9454514627;B
20240123;101325;199.970000000;250;9454514628;B
20240123;101325;199.980000000;10;9454514629;B
20240123;101325;199.980000000;50;9454514630;B
20240123;101325;199.980000000;20;9454514631;B
20240123;101325;199.980000000;10;9454514632;B
20240123;101325;199.990000000;200;9454514633;B
20240123;101325;199.990000000;10;9454514634;B
20240123;101325;199.990000000;20;9454514635;B
20240123;101325;199.990000000;100;9454514636;B
20240123;101325;199.990000000;100;9454514637;B
20240123;101325;199.990000000;2000;9454514638;B
20240123;101325;199.990000000;1440;9454514639;B
20240123;101325;199.990000000;10;9454514640;B
20240123;101325;199.990000000;20;9454514641;B
20240123;101325;199.990000000;110;9454514642;B
20240123;101325;199.990000000;10;9454514643;B
20240123;101325;199.990000000;30;9454514644;B
20240123;101325;199.990000000;80;9454514645;B
20240123;101325;199.990000000;1500;9454514646;B
20240123;101325;200.000000000;10;9454514647;B
20240123;101325;200.000000000;10;9454514648;B
20240123;101325;200.000000000;10;9454514649;B
20240123;101325;200.000000000;20;9454514650;B
20240123;101325;200.000000000;10;9454514651;B
20240123;101325;200.000000000;10;9454514652;B
20240123;101325;200.000000000;10;9454514653;B
20240123;101325;200.000000000;70;9454514654;B
20240123;101325;200.000000000;10;9454514655;B
20240123;101325;200.000000000;10;9454514656;B
20240123;101325;200.000000000;10;9454514657;B
20240123;101325;200.000000000;60;9454514658;B
20240123;101325;200.000000000;200;9454514659;B
20240123;101325;200.000000000;10;9454514660;B
20240123;101325;200.000000000;10;9454514661;B
20240123;101325;200.000000000;10;9454514662;B
20240123;101325;200.000000000;10;9454514663;B
20240123;101325;200.000000000;10;9454514664;B
20240123;101325;200.000000000;20;9454514665;B
20240123;101325;200.000000000;10;9454514666;B
20240123;101325;200.000000000;10;9454514667;B
20240123;101325;200.000000000;10;9454514668;B
20240123;101325;200.000000000;50;9454514669;B
20240123;101325;200.000000000;90;9454514670;B
20240123;101325;200.000000000;10;9454514671;B
20240123;101325;200.000000000;30;9454514672;B
20240123;101325;200.000000000;10;9454514673;B
20240123;101325;200.000000000;110;9454514674;B
20240123;101325;200.000000000;10;9454514675;B
20240123;101325;200.000000000;10;9454514676;B
20240123;101325;200.000000000;10;9454514677;B
20240123;101325;200.000000000;200;9454514678;B
20240123;101325;200.000000000;100;9454514679;B
20240123;101325;200.000000000;1000;9454514680;B
20240123;101325;200.000000000;100;9454514681;B
20240123;101325;200.000000000;150;9454514682;B
20240123;101325;200.000000000;40;9454514683;B
20240123;101325;200.000000000;10;9454514684;B
20240123;101325;200.000000000;10;9454514685;B
20240123;101325;200.000000000;110;9454514686;B
20240123;101325;200.000000000;10;9454514687;B
20240123;101325;200.000000000;2000;9454514688;B
20240123;101325;200.000000000;10;9454514689;B
20240123;101325;200.000000000;10;9454514690;B
20240123;101325;200.000000000;10;9454514691;B
20240123;101325;200.000000000;10;9454514692;B
20240123;101325;200.000000000;800;9454514693;B
20240123;101325;200.000000000;10;9454514694;B
20240123;101325;200.000000000;19150;9454514695;B
20240123;101325;199.800000000;10;9454514697;S
20240123;101325;199.800000000;10;9454514703;S
20240123;101325;199.850000000;100;9454514710;B
20240123;101325;199.920000000;500;9454514711;B
20240123;101325;199.900000000;100;9454514712;S
20240123;101325;199.910000000;100;9454514713;S
20240123;101325;199.910000000;80;9454514714;S
20240123;101325;199.900000000;200;9454514715;S
20240123;101325;199.910000000;40;9454514716;S
20240123;101325;199.910000000;80;9454514717;S
20240123;101326;199.930000000;10;9454514772;S
20240123;101326;199.930000000;10;9454514773;S
20240123;101326;199.930000000;10;9454514774;S
20240123;101326;199.930000000;10;9454514775;S
20240123;101326;199.910000000;640;9454514776;S
20240123;101326;199.900000000;150;9454514777;S
20240123;101326;199.900000000;900;9454514791;S
20240123;101326;199.900000000;50;9454514792;S
20240123;101326;199.900000000;100;9454514793;S
20240123;101326;199.900000000;30;9454514794;S
20240123;101326;199.900000000;30;9454514795;S
20240123;101326;199.900000000;10;9454514796;S
20240123;101326;199.900000000;320;9454514798;S
20240123;101326;199.900000000;50;9454514799;S
20240123;101326;199.960000000;20;9454514802;B
20240123;101326;199.900000000;1100;9454514804;S
20240123;101326;199.900000000;10;9454514805;S
20240123;101326;199.900000000;50;9454514806;S
20240123;101326;199.900000000;10;9454514807;S
20240123;101326;199.900000000;10;9454514808;S
20240123;101326;199.960000000;50;9454514809;B
20240123;101326;199.900000000;200;9454514810;S
20240123;101326;199.900000000;70;9454514811;S
20240123;101326;199.900000000;1000;9454514812;S
20240123;101326;199.960000000;40;9454514813;B
20240123;101326;199.900000000;10;9454514814;S
20240123;101326;199.900000000;10;9454514815;S
20240123;101326;199.910000000;30;9454514832;S
20240123;101326;199.900000000;20;9454514833;S
20240123;101326;199.950000000;30;9454514838;B
20240123;101326;199.950000000;10;9454514839;B
20240123;101326;199.950000000;100;9454514840;B
20240123;101326;199.960000000;50;9454514841;B
20240123;101326;199.970000000;100;9454514842;B
20240123;101326;199.970000000;80;9454514857;B
20240123;101326;199.980000000;80;9454514858;B
20240123;101326;199.980000000;50;9454514860;B
20240123;101326;199.980000000;10;9454514862;B
20240123;101326;199.910000000;180;9454514863;S
20240123;101326;199.900000000;70;9454514864;S
20240123;101326;199.900000000;10;9454514865;S
20240123;101326;199.900000000;1500;9454514866;S
20240123;101326;199.980000000;10;9454514868;B
20240123;101326;199.930000000;10;9454514870;S
20240123;101326;199.930000000;30;9454514871;S
20240123;101326;199.900000000;470;9454514872;S
20240123;101326;199.960000000;10;9454514873;B
20240123;101326;199.970000000;180;9454514874;B
20240123;101326;199.980000000;310;9454514875;B
20240123;101326;199.910000000;100;9454514876;S
20240123;101326;199.910000000;10;9454514877;S
20240123;101326;199.930000000;40;9454514878;S
20240123;101326;199.900000000;260;9454514879;S
20240123;101326;199.900000000;50;9454514880;S
20240123;101326;199.900000000;100;9454514881;S
20240123;101326;199.970000000;500;9454514882;B
20240123;101326;199.900000000;500;9454514883;S
20240123;101326;199.900000000;10;9454514884;S
20240123;101326;199.900000000;20;9454514885;S
20240123;101326;199.900000000;300;9454514886;S
20240123;101326;199.960000000;50;9454514887;B
20240123;101326;199.970000000;100;9454514888;B
20240123;101326;199.970000000;310;9454514889;B
20240123;101326;199.900000000;10;9454514890;S
20240123;101326;199.900000000;10;9454514891;S
20240123;101326;199.900000000;260;9454514892;S
20240123;101326;199.900000000;30;9454514893;S
20240123;101326;199.900000000;20;9454514894;S
20240123;101326;199.900000000;10;9454514895;S
20240123;101326;199.900000000;10;9454514896;S
20240123;101326;199.970000000;400;9454514897;B
20240123;101326;199.970000000;10;9454514899;B
20240123;101326;199.970000000;340;9454514900;B
20240123;101326;199.960000000;10;9454514905;B
20240123;101326;199.960000000;200;9454514912;B
20240123;101326;199.910000000;10;9454514914;S
20240123;101326;199.910000000;10;9454514915;S
20240123;101326;199.960000000;30;9454514918;B
20240123;101326;199.930000000;10;9454514921;B
20240123;101326;199.950000000;20;9454514938;B
20240123;101326;199.960000000;10;9454514939;B
20240123;101326;199.960000000;10;9454514940;B
20240123;101326;199.970000000;460;9454514941;B
20240123;101327;199.910000000;620;9454514954;S
20240123;101327;199.920000000;30;9454514957;B
20240123;101327;199.910000000;10;9454514968;S
20240123;101327;199.910000000;30;9454514989;S
20240123;101327;199.910000000;20;9454514993;S
20240123;101327;199.920000000;10;9454515007;B
20240123;101327;199.950000000;10;9454515008;B
20240123;101327;199.910000000;570;9454515019;S
20240123;101327;199.900000000;1830;9454515020;S
20240123;101327;199.900000000;700;9454515021;S
20240123;101327;199.900000000;180;9454515022;S
20240123;101327;199.900000000;150;9454515023;S
20240123;101327;199.850000000;10;9454515024;S
20240123;101328;199.850000000;500;9454515062;B
20240123;101328;199.850000000;10;9454515135;B
20240123;101328;199.840000000;30;9454515177;S
20240123;101330;199.830000000;500;9454515390;S
20240123;101330;199.830000000;10;9454515395;S
20240123;101330;199.840000000;110;9454515447;B
20240123;101330;199.850000000;890;9454515448;B
20240123;101331;199.830000000;310;9454515500;S
20240123;101331;199.840000000;10;9454515529;B
20240123;101331;199.840000000;40;9454515546;S
20240123;101331;199.840000000;960;9454515574;B
20240123;101331;199.850000000;20;9454515577;B
20240123;101332;199.850000000;50;9454515607;B
20240123;101332;199.850000000;10;9454515656;B
20240123;101334;199.810000000;10;9454515895;S
