<DATE>;<TIME>;<LAST>;<VOL>;<ID>;<OPER>
20240208;095931;202.950000000;50;9563583497;S
20240208;095931;202.950000000;70;9563583498;S
20240208;095931;202.950000000;250;9563583499;B
20240208;095931;202.950000000;10;9563583500;B
20240208;095931;202.950000000;50;9563583501;B
20240208;095931;202.950000000;10;9563583502;B
20240208;095931;202.950000000;20;9563583503;B
20240208;095931;202.950000000;80;9563583504;B
20240208;095931;202.950000000;5400;9563583505;S
20240208;095931;202.950000000;30;9563583506;S
20240208;095931;202.950000000;10;9563583507;S
20240208;095931;202.950000000;10;9563583508;B
20240208;095931;202.950000000;10;9563583509;B
20240208;095931;202.950000000;10;9563583510;B
20240208;095931;202.950000000;150;9563583511;B
20240208;095931;202.950000000;20;9563583512;B
20240208;095931;202.950000000;20;9563583513;B
20240208;095931;202.950000000;10;9563583514;B
20240208;095931;202.950000000;50;9563583515;B
20240208;095931;202.950000000;50;9563583516;B
20240208;095931;202.950000000;50;9563583517;B
20240208;095931;202.950000000;50;9563583518;B
20240208;095931;202.950000000;20;9563583519;B
20240208;095931;202.950000000;20;9563583520;B
20240208;095931;202.950000000;10;9563583521;B
20240208;095931;202.950000000;180;9563583522;B
20240208;095931;202.950000000;50;9563583523;B
20240208;095931;202.950000000;1150;9563583524;B
20240208;100000;202.960000000;10;9563591186;B
20240208;100000;202.960000000;10;9563591187;B
20240208;100000;202.960000000;310;9563591243;B
20240208;100000;202.960000000;650;9563591244;B
20240208;100000;202.970000000;10;9563591313;B
20240208;100000;202.990000000;10;9563591687;B
20240208;100001;202.990000000;350;9563593259;B
20240208;100001;202.990000000;350;9563593473;B
20240208;100002;202.950000000;10;9563593836;S
20240208;100002;203.000000000;10;9563594097;B
20240208;100002;203.000000000;10;9563594098;B
20240208;100002;203.000000000;40;9563594099;B
20240208;100002;203.000000000;20;9563594100;B
20240208;100002;203.000000000;50;9563594101;B
20240208;100002;203.000000000;10;9563594102;B
20240208;100002;203.000000000;370;9563594103;B
20240208;100002;203.000000000;10;9563594104;B
20240208;100002;203.000000000;10;9563594105;B
20240208;100002;203.000000000;10;9563594106;B
20240208;100002;203.000000000;20;9563594107;B
20240208;100002;203.000000000;20;9563594108;B
20240208;100002;203.000000000;10;9563594109;B
20240208;100002;203.000000000;10;9563594110;B
20240208;100002;203.000000000;10;9563594111;B
20240208;100002;203.030000000;10;9563594112;B
20240208;100002;203.080000000;90;9563594113;B
20240208;100002;203.100000000;10;9563594114;B
20240208;100002;203.100000000;50;9563594115;B
20240208;100002;203.160000000;240;9563594116;B
20240208;100002;203.170000000;80;9563594117;B
20240208;100002;203.170000000;160;9563594118;B
20240208;100002;202.990000000;60;9563594143;B
20240208;100002;202.980000000;150;9563594182;S
20240208;100002;202.970000000;1270;9563594183;S
20240208;100002;202.960000000;340;9563594645;S
20240208;100003;203.170000000;500;9563595241;B
20240208;100003;203.160000000;350;9563595405;B
20240208;100003;203.160000000;50;9563595621;B
20240208;100003;203.180000000;100;9563595622;B
20240208;100003;203.240000000;200;9563595623;B
20240208;100004;203.000000000;30;9563596169;B
20240208;100004;203.200000000;50;9563596198;B
20240208;100004;203.200000000;10;9563596571;B
20240208;100004;203.200000000;80;9563596834;B
20240208;100004;203.210000000;270;9563596835;B
20240208;100005;202.990000000;40;9563597612;S
20240208;100005;203.200000000;10;9563597613;B
20240208;100005;203.180000000;30;9563597615;B
20240208;100005;202.980000000;100;9563598025;S
20240208;100005;202.960000000;30;9563598026;S
20240208;100005;203.170000000;10;9563598033;B
20240208;100005;202.960000000;50;9563598511;S
20240208;100006;202.960000000;10;9563598917;S
20240208;100006;202.960000000;10;9563599466;S
20240208;100006;203.190000000;10;9563599786;B
20240208;100006;202.960000000;10;9563599788;S
20240208;100006;203.170000000;10;9563599789;B
20240208;100006;203.170000000;50;9563599790;B
20240208;100006;202.960000000;10;9563600017;S
20240208;100006;202.960000000;60;9563600036;S
20240208;100007;203.150000000;10;9563601669;B
20240208;100008;202.960000000;50;9563602147;S
20240208;100008;202.960000000;80;9563602149;S
20240208;100008;203.140000000;10;9563602457;B
20240208;100009;203.140000000;130;9563602751;B
20240208;100009;203.150000000;980;9563602959;B
20240208;100009;203.160000000;100;9563602960;B
20240208;100009;203.160000000;30;9563602961;B
20240208;100009;203.240000000;890;9563602962;B
20240208;100009;203.280000000;350;9563602963;B
20240208;100009;203.290000000;10;9563602964;B
20240208;100009;203.290000000;10;9563602965;B
20240208;100009;203.290000000;300;9563602966;B
20240208;100009;203.300000000;10;9563602967;B
20240208;100009;203.300000000;100;9563602968;B
20240208;100009;203.320000000;10;9563602969;B
20240208;100009;203.320000000;310;9563602970;B
20240208;100009;203.270000000;650;9563602979;B
20240208;100010;203.290000000;350;9563603387;B
20240208;100018;203.180000000;50;9563606367;B
20240208;100018;203.160000000;10;9563606372;B
20240208;100018;203.160000000;30;9563606376;B
20240208;100018;203.160000000;780;9563606403;B
20240208;100019;203.150000000;70;9563606595;B
20240208;100019;203.150000000;290;9563606596;B
20240208;100022;203.270000000;200;9563607426;B
20240208;100022;203.260000000;780;9563607520;B
20240208;100022;203.260000000;980;9563607521;B
20240208;100022;203.360000000;1800;9563607522;B
20240208;100022;203.380000000;440;9563607523;B
20240208;100022;203.340000000;10;9563607527;B
20240208;100022;203.130000000;10;9563607580;S
20240208;100030;203.300000000;10;9563609704;B
20240208;100030;203.320000000;20;9563609711;B
20240208;100030;203.320000000;10;9563609720;B
20240208;100030;203.320000000;20;9563609722;B
20240208;100032;203.330000000;1480;9563610111;B
20240208;100032;203.340000000;360;9563610112;B
20240208;100032;203.360000000;20;9563610113;B
20240208;100032;203.390000000;10;9563610114;B
20240208;100032;203.390000000;130;9563610115;B
20240208;100032;203.380000000;290;9563610204;B
20240208;100033;203.380000000;10;9563610510;B
20240208;100038;203.380000000;10;9563611566;B
20240208;100038;203.380000000;490;9563611567;B
20240208;100040;203.220000000;10;9563612343;S
20240208;100040;203.210000000;10;9563612344;S
20240208;100040;203.210000000;60;9563612345;S
20240208;100041;203.380000000;250;9563612432;B
20240208;100042;203.300000000;10;9563612956;B
20240208;100042;203.370000000;10;9563612966;B
20240208;100042;203.380000000;20;9563612967;B
20240208;100042;203.380000000;20;9563612973;B
20240208;100043;203.200000000;20;9563613128;S
20240208;100044;203.380000000;50;9563613197;B
20240208;100047;203.200000000;480;9563614129;S
20240208;100047;203.160000000;70;9563614130;S
20240208;100047;203.150000000;70;9563614131;S
20240208;100048;203.290000000;10;9563614701;B
20240208;100048;203.380000000;60;9563614702;B
20240208;100048;203.380000000;20;9563614703;B
20240208;100048;203.380000000;110;9563614704;B
20240208;100050;203.030000000;10;9563615482;S
20240208;100054;203.280000000;10;9563616815;B
20240208;100054;203.280000000;30;9563616837;B
20240208;100054;203.280000000;20;9563616841;B
20240208;100056;203.060000000;20;9563617429;S
20240208;100057;203.060000000;20;9563617704;S
20240208;100059;203.120000000;20;9563618337;B
20240208;100100;203.120000000;980;9563618559;B
20240208;100100;203.140000000;20;9563618560;B
20240208;100106;203.140000000;20;9563620204;B
20240208;100106;203.140000000;10;9563620205;B
20240208;100106;203.140000000;10;9563620206;B
20240208;100106;203.140000000;20;9563620207;B
20240208;100118;203.080000000;20;9563623179;B
20240208;100118;203.120000000;10;9563623189;B
20240208;100118;203.120000000;20;9563623190;B
20240208;100118;203.120000000;20;9563623191;B
20240208;100118;203.060000000;20;9563623453;S
20240208;100122;203.060000000;80;9563624127;S
20240208;100122;203.060000000;10;9563624132;S
20240208;100125;203.080000000;10;9563625365;B
20240208;100125;203.070000000;980;9563625660;S
20240208;100125;203.070000000;500;9563625661;S
20240208;100125;203.070000000;40;9563625662;S
20240208;100125;203.060000000;890;9563625663;S
20240208;100125;203.050000000;500;9563625664;S
20240208;100125;203.010000000;500;9563625665;S
20240208;100125;203.000000000;100;9563625666;S
20240208;100125;202.960000000;160;9563625667;S
20240208;100125;202.960000000;300;9563625668;S
20240208;100125;202.950000000;1440;9563625669;S
20240208;100125;202.900000000;60;9563625670;S
20240208;100125;202.900000000;100;9563625671;S
20240208;100125;202.900000000;100;9563625672;S
20240208;100125;202.880000000;1780;9563625673;S
20240208;100125;202.860000000;1780;9563625674;S
20240208;100125;202.850000000;3000;9563625675;S
20240208;100125;202.840000000;10;9563625676;S
20240208;100125;202.810000000;40;9563625677;S
20240208;100125;202.800000000;7000;9563625678;S
20240208;100125;202.800000000;150;9563625679;S
20240208;100125;202.800000000;100;9563625680;B
20240208;100125;202.800000000;200;9563625681;B
20240208;100125;202.790000000;90;9563625682;S
20240208;100125;202.800000000;100;9563625683;B
20240208;100125;202.800000000;40;9563625684;B
20240208;100125;202.800000000;60;9563625685;B
20240208;100125;202.800000000;70;9563625688;B
20240208;100130;202.910000000;10;9563627302;B
20240208;100130;202.990000000;20;9563627303;B
20240208;100130;202.990000000;10;9563627309;B
20240208;100130;202.990000000;20;9563627311;B
20240208;100130;202.990000000;20;9563627315;B
20240208;100130;202.910000000;90;9563627349;S
20240208;100132;202.890000000;780;9563627633;S
20240208;100133;202.910000000;90;9563628058;B
20240208;100133;202.990000000;10;9563628059;B
20240208;100143;202.890000000;10;9563630194;B
20240208;100143;202.890000000;20;9563630198;B
20240208;100143;202.890000000;10;9563630199;B
20240208;100143;202.890000000;10;9563630200;B
20240208;100143;202.920000000;10;9563630201;B
20240208;100144;202.920000000;50;9563630466;B
20240208;100147;202.900000000;10;9563631016;S
20240208;100147;202.840000000;40;9563631017;S
20240208;100150;202.920000000;10;9563632894;B
20240208;100155;202.920000000;10;9563634253;B
20240208;100155;202.920000000;20;9563634259;B
20240208;100155;202.920000000;10;9563634260;B
20240208;100155;202.920000000;20;9563634262;B
20240208;100155;202.920000000;10;9563634547;B
20240208;100201;202.920000000;500;9563635893;B
20240208;100207;202.920000000;10;9563637545;B
20240208;100207;202.920000000;10;9563637598;B
20240208;100207;202.920000000;20;9563637599;B
20240208;100207;202.920000000;10;9563637600;B
20240208;100207;202.910000000;20;9563637680;S
20240208;100211;202.920000000;90;9563638610;B
20240208;100211;202.920000000;90;9563638611;B
20240208;100211;202.920000000;10;9563638612;B
20240208;100211;203.000000000;10;9563638613;B
20240208;100211;203.000000000;100;9563638614;B
20240208;100211;203.090000000;1780;9563638615;B
20240208;100211;203.120000000;50;9563638616;B
20240208;100211;203.120000000;1780;9563638617;B
20240208;100211;203.130000000;90;9563638618;B
20240208;100217;203.130000000;90;9563640197;B
20240208;100217;203.140000000;1910;9563640198;B
20240208;100218;203.140000000;90;9563640378;B
20240208;100218;203.170000000;110;9563640379;B
20240208;100218;203.050000000;140;9563640428;S
20240208;100218;203.050000000;500;9563640429;S
20240208;100218;203.040000000;180;9563640430;S
20240208;100218;202.910000000;80;9563640431;S
20240208;100218;202.910000000;90;9563640432;S
20240208;100218;202.910000000;100;9563640433;S
20240208;100218;202.900000000;10;9563640434;S
20240208;100218;202.900000000;20;9563640435;S
20240208;100218;202.900000000;400;9563640436;S
20240208;100218;202.890000000;500;9563640437;S
20240208;100218;202.870000000;980;9563640438;S
20240208;100218;202.810000000;5000;9563640439;S
20240208;100218;202.790000000;890;9563640440;S
20240208;100218;202.770000000;10;9563640441;S
20240208;100218;202.770000000;10;9563640442;S
20240208;100218;202.750000000;10;9563640443;S
20240208;100218;202.750000000;4800;9563640444;S
20240208;100218;202.750000000;10;9563640445;S
20240208;100218;202.750000000;10;9563640446;S
20240208;100218;202.750000000;10;9563640447;S
20240208;100218;202.750000000;100;9563640448;S
20240208;100218;202.750000000;30;9563640449;S
20240208;100218;202.750000000;1000;9563640450;S
20240208;100218;202.750000000;100;9563640451;S
20240208;100218;202.750000000;380;9563640452;S
20240208;100218;202.750000000;10;9563640453;S
20240208;100218;202.750000000;10;9563640454;S
20240208;100218;202.750000000;1000;9563640455;S
20240208;100218;202.750000000;3620;9563640456;S
20240208;100220;203.060000000;30;9563640747;B
20240208;100220;203.060000000;10;9563640756;B
20240208;100220;203.060000000;20;9563640758;B
20240208;100220;203.060000000;10;9563640759;B
20240208;100220;203.060000000;20;9563640761;B
20240208;100220;203.060000000;20;9563640834;B
20240208;100222;202.880000000;10;9563641278;S
20240208;100222;203.060000000;10;9563641403;B
20240208;100222;203.070000000;10;9563641404;B
20240208;100224;203.000000000;10;9563641761;B
20240208;100228;202.820000000;70;9563642362;S
20240208;100228;202.810000000;930;9563642363;S
20240208;100229;202.900000000;10;9563642655;B
20240208;100231;202.900000000;10;9563643097;B
20240208;100231;202.900000000;20;9563643099;B
20240208;100231;202.900000000;20;9563643100;B
20240208;100232;202.900000000;120;9563643270;B
20240208;100232;202.910000000;140;9563643271;B
20240208;100232;203.070000000;390;9563643272;B
20240208;100233;203.000000000;10;9563643426;B
20240208;100233;203.020000000;90;9563643427;B
20240208;100233;203.070000000;50;9563643428;B
20240208;100235;203.070000000;10;9563643808;B
20240208;100239;202.910000000;10;9563644682;S
20240208;100242;203.070000000;10;9563645352;B
20240208;100242;203.080000000;20;9563645365;B
20240208;100242;203.080000000;10;9563645369;B
20240208;100242;203.080000000;20;9563645380;B
20240208;100252;203.070000000;40;9563647501;B
20240208;100255;203.070000000;30;9563648123;B
20240208;100255;203.070000000;10;9563648127;B
20240208;100255;203.070000000;20;9563648128;B
20240208;100256;203.070000000;40;9563648311;B
20240208;100257;203.070000000;10;9563648423;B
20240208;100305;203.070000000;10;9563650055;B
20240208;100308;203.070000000;10;9563650631;B
20240208;100308;203.070000000;30;9563650641;B
20240208;100308;203.080000000;20;9563650646;B
20240208;100308;203.080000000;10;9563650662;B
20240208;100308;203.130000000;20;9563650663;B
20240208;100308;203.130000000;20;9563650665;B
20240208;100309;203.130000000;20;9563650888;B
20240208;100319;203.100000000;10;9563653085;B
20240208;100319;203.100000000;10;9563653116;B
20240208;100319;203.100000000;10;9563653200;B
20240208;100319;203.100000000;10;9563653229;B
20240208;100319;203.130000000;100;9563653230;B
20240208;100319;203.140000000;500;9563653231;B
20240208;100319;203.150000000;10;9563653232;B
20240208;100319;203.150000000;50;9563653233;B
20240208;100319;203.170000000;330;9563653234;B
20240208;100319;203.160000000;10;9563653298;B
20240208;100320;203.160000000;10;9563653318;B
20240208;100320;203.160000000;10;9563653454;B
20240208;100320;203.160000000;10;9563653492;B
20240208;100320;203.150000000;10;9563653520;B
20240208;100321;203.150000000;10;9563653530;B
20240208;100322;203.160000000;10;9563653825;B
20240208;100322;203.160000000;20;9563653831;B
20240208;100322;203.160000000;10;9563653832;B
20240208;100322;203.160000000;20;9563653833;B
20240208;100324;203.190000000;10;9563654192;B
20240208;100330;203.180000000;220;9563655231;B
20240208;100330;203.190000000;80;9563655232;B
20240208;100334;203.130000000;200;9563655908;S
20240208;100335;203.190000000;20;9563656175;B
20240208;100335;203.190000000;10;9563656178;B
20240208;100335;203.190000000;20;9563656182;B
20240208;100335;203.190000000;20;9563656183;B
20240208;100341;203.190000000;80;9563657459;S
20240208;100341;203.200000000;1300;9563657545;B
20240208;100342;203.200000000;10;9563657683;B
20240208;100343;203.200000000;10;9563658101;B
20240208;100344;203.200000000;10;9563658312;B
20240208;100346;203.200000000;10;9563658598;B
20240208;100346;203.200000000;30;9563658679;B
20240208;100347;203.200000000;10;9563658779;B
20240208;100347;203.200000000;20;9563658843;B
20240208;100348;203.200000000;10;9563658967;B
20240208;100348;203.200000000;30;9563659116;B
20240208;100348;203.200000000;10;9563659117;B
20240208;100348;203.200000000;20;9563659123;B
20240208;100348;203.170000000;10;9563659362;S
20240208;100348;203.170000000;40;9563659363;S
20240208;100354;203.190000000;10;9563660677;B
20240208;100355;203.190000000;690;9563660921;B
20240208;100400;203.200000000;110;9563661751;B
20240208;100400;203.140000000;30;9563661755;S
20240208;100400;203.200000000;10;9563661831;B
20240208;100401;203.200000000;10;9563662070;B
20240208;100401;203.200000000;20;9563662077;B
20240208;100401;203.200000000;10;9563662078;B
20240208;100401;203.200000000;10;9563662081;B
20240208;100401;203.170000000;10;9563662108;B
20240208;100402;203.170000000;30;9563662258;B
20240208;100402;203.200000000;700;9563662259;B
20240208;100404;203.140000000;10;9563662713;S
20240208;100406;203.200000000;30;9563663046;B
20240208;100410;203.140000000;20;9563664043;S
20240208;100410;203.130000000;40;9563664044;S
20240208;100410;203.110000000;110;9563664045;S
20240208;100410;203.190000000;50;9563664084;B
20240208;100412;203.190000000;40;9563664408;B
20240208;100412;203.190000000;10;9563664411;B
20240208;100412;203.190000000;10;9563664415;B
20240208;100412;203.200000000;10;9563664416;B
20240208;100412;203.200000000;70;9563664425;B
20240208;100416;203.200000000;10;9563665010;B
20240208;100418;203.180000000;20;9563665432;B
20240208;100423;203.180000000;20;9563666464;B
20240208;100425;203.180000000;10;9563666811;B
20240208;100425;203.190000000;10;9563666813;B
20240208;100425;203.200000000;20;9563666814;B
20240208;100425;203.200000000;20;9563666815;B
20240208;100432;203.180000000;90;9563668404;B
20240208;100432;203.180000000;10;9563668405;B
20240208;100432;203.190000000;10;9563668406;B
20240208;100432;203.200000000;500;9563668407;B
20240208;100432;203.200000000;10;9563668408;B
20240208;100432;203.200000000;10;9563668409;B
20240208;100432;203.300000000;10;9563668410;B
20240208;100432;203.300000000;10;9563668411;B
20240208;100432;203.320000000;150;9563668412;B
20240208;100432;203.320000000;980;9563668413;B
20240208;100432;203.330000000;50;9563668414;B
20240208;100432;203.330000000;500;9563668415;B
20240208;100432;203.340000000;670;9563668416;B
20240208;100436;203.200000000;40;9563669433;B
20240208;100436;203.200000000;30;9563669449;B
20240208;100443;203.140000000;10;9563671101;S
20240208;100446;203.190000000;500;9563671815;B
20240208;100446;203.200000000;500;9563671816;B
20240208;100447;203.200000000;10;9563672251;B
20240208;100448;203.200000000;10;9563672308;B
20240208;100448;203.200000000;20;9563672344;B
20240208;100448;203.200000000;30;9563672345;B
20240208;100448;203.200000000;10;9563672347;B
20240208;100448;203.200000000;20;9563672577;B
20240208;100449;203.200000000;10;9563672686;B
20240208;100457;203.140000000;10;9563674369;S
20240208;100501;203.200000000;40;9563675524;B
20240208;100501;203.200000000;20;9563675526;B
20240208;100513;203.160000000;60;9563677961;S
20240208;100514;203.150000000;40;9563678008;S
20240208;100514;203.150000000;460;9563678009;S
20240208;100515;203.150000000;10;9563678390;B
20240208;100518;203.150000000;10;9563678886;B
20240208;100520;203.140000000;10;9563679366;S
20240208;100521;203.140000000;140;9563679521;S
20240208;100521;203.140000000;20;9563679522;S
20240208;100521;203.140000000;450;9563679523;S
20240208;100521;203.130000000;60;9563679524;S
20240208;100521;203.120000000;180;9563679525;S
20240208;100521;203.090000000;10;9563679526;S
20240208;100521;203.020000000;10;9563679527;S
20240208;100521;203.020000000;80;9563679528;S
20240208;100521;203.010000000;70;9563679529;S
20240208;100537;203.140000000;20;9563682529;B
20240208;100538;203.140000000;160;9563682682;B
20240208;100538;203.140000000;10;9563682683;B
20240208;100538;203.140000000;20;9563682706;B
20240208;100550;203.140000000;20;9563685088;B
20240208;100550;203.140000000;10;9563685089;B
20240208;100550;203.150000000;20;9563685103;B
20240208;100550;203.150000000;10;9563685110;B
20240208;100550;203.150000000;20;9563685112;B
20240208;100550;203.150000000;20;9563685113;B
20240208;100551;203.140000000;20;9563685273;S
20240208;100556;203.150000000;10;9563686234;B
20240208;100556;203.160000000;40;9563686235;B
20240208;100556;203.160000000;500;9563686236;B
20240208;100556;203.160000000;50;9563686237;B
20240208;100556;203.150000000;490;9563686378;S
20240208;100556;203.150000000;430;9563686379;S
20240208;100556;203.140000000;80;9563686380;S
20240208;100557;203.140000000;10;9563686494;S
20240208;100602;203.160000000;30;9563687413;B
20240208;100602;203.160000000;20;9563687415;B
20240208;100602;203.190000000;10;9563687416;B
20240208;100602;203.200000000;10;9563687420;B
20240208;100603;203.200000000;10;9563687535;B
20240208;100611;203.200000000;20;9563689902;B
20240208;100615;203.200000000;20;9563690915;B
20240208;100616;203.200000000;10;9563690925;B
20240208;100616;203.200000000;20;9563690926;B
20240208;100623;203.150000000;200;9563692475;S
20240208;100626;203.190000000;10;9563693501;B
20240208;100626;203.200000000;20;9563693502;B
20240208;100627;203.200000000;30;9563693508;B
20240208;100628;203.150000000;240;9563693870;S
20240208;100633;203.200000000;4120;9563694903;B
20240208;100633;203.200000000;700;9563694904;B
20240208;100633;203.200000000;100;9563694905;B
20240208;100633;203.220000000;60;9563694906;B
20240208;100633;203.230000000;920;9563694907;B
20240208;100633;203.160000000;1780;9563694981;S
20240208;100633;203.150000000;1040;9563694982;S
20240208;100633;203.150000000;450;9563694983;S
20240208;100633;203.150000000;180;9563694984;S
20240208;100633;203.140000000;60;9563694985;S
20240208;100633;203.140000000;490;9563694986;S
20240208;100638;203.280000000;30;9563696637;B
20240208;100639;203.280000000;40;9563696649;B
20240208;100643;203.150000000;50;9563697577;S
20240208;100644;203.260000000;180;9563697994;B
20240208;100644;203.260000000;130;9563697995;B
20240208;100648;203.160000000;10;9563698972;S
20240208;100651;203.240000000;10;9563699545;B
20240208;100651;203.240000000;40;9563699548;B
20240208;100651;203.240000000;10;9563699549;B
20240208;100657;203.240000000;90;9563700946;B
20240208;100701;203.200000000;20;9563701648;B
20240208;100702;203.200000000;1480;9563701931;B
20240208;100702;203.230000000;10;9563701932;B
20240208;100702;203.230000000;10;9563701933;B
20240208;100704;203.240000000;20;9563702374;B
20240208;100704;203.240000000;10;9563702385;B
20240208;100704;203.240000000;20;9563702388;B
20240208;100704;203.240000000;30;9563702389;B
20240208;100708;203.240000000;10;9563703738;B
20240208;100710;203.130000000;10;9563704294;S
20240208;100710;203.120000000;180;9563704295;S
20240208;100710;203.110000000;450;9563704296;S
20240208;100710;203.100000000;500;9563704297;S
20240208;100713;203.100000000;10;9563705038;B
20240208;100715;203.220000000;10;9563705451;B
20240208;100715;203.220000000;30;9563705456;B
20240208;100715;203.220000000;20;9563705460;B
20240208;100716;203.110000000;10;9563706127;S
20240208;100719;203.190000000;400;9563707101;B
20240208;100722;203.190000000;20;9563707894;B
20240208;100728;203.190000000;20;9563709124;B
20240208;100728;203.190000000;20;9563709129;B
20240208;100728;203.190000000;30;9563709130;B
20240208;100732;203.100000000;10;9563709972;S
20240208;100732;203.190000000;10;9563710044;B
20240208;100732;203.190000000;180;9563710045;B
20240208;100732;203.200000000;10;9563710046;B
20240208;100732;203.200000000;10;9563710047;B
20240208;100732;203.240000000;290;9563710048;B
20240208;100736;203.240000000;10;9563710847;B
20240208;100739;203.240000000;10;9563711462;B
20240208;100739;203.240000000;30;9563711463;B
20240208;100739;203.240000000;10;9563711464;B
20240208;100749;203.240000000;490;9563713636;B
20240208;100751;203.230000000;10;9563714022;B
20240208;100751;203.240000000;10;9563714023;B
20240208;100751;203.240000000;40;9563714064;B
20240208;100751;203.250000000;10;9563714067;B
20240208;100751;203.250000000;10;9563714068;B
20240208;100759;203.240000000;10;9563715912;S
20240208;100801;203.240000000;190;9563716384;S
20240208;100801;203.240000000;30;9563716385;S
20240208;100801;203.240000000;200;9563716386;S
20240208;100803;203.160000000;20;9563716927;S
20240208;100803;203.240000000;10;9563716946;B
20240208;100803;203.240000000;20;9563716969;B
20240208;100803;203.240000000;10;9563716971;B
20240208;100803;203.240000000;20;9563716972;B
20240208;100811;203.240000000;20;9563719051;B
20240208;100811;203.240000000;10;9563719052;B
20240208;100811;203.240000000;10;9563719053;B
20240208;100811;203.240000000;10;9563719054;B
20240208;100811;203.240000000;20;9563719055;B
20240208;100811;203.240000000;10;9563719056;B
20240208;100811;203.240000000;10;9563719057;B
20240208;100811;203.240000000;10;9563719058;B
20240208;100811;203.240000000;150;9563719059;B
20240208;100816;203.230000000;10;9563720556;B
20240208;100816;203.240000000;10;9563720557;B
20240208;100816;203.240000000;10;9563720564;B
20240208;100816;203.240000000;20;9563720571;B
20240208;100816;203.240000000;10;9563720586;B
20240208;100827;203.240000000;10;9563722975;B
20240208;100827;203.240000000;30;9563722982;B
20240208;100827;203.240000000;10;9563722983;B
20240208;100827;203.240000000;30;9563722984;B
20240208;100830;203.240000000;10;9563723454;B
20240208;100841;203.190000000;20;9563725738;B
20240208;100841;203.190000000;10;9563725752;B
20240208;100841;203.190000000;20;9563725753;B
20240208;100841;203.190000000;20;9563725754;B
20240208;100842;203.160000000;10;9563726156;S
20240208;100843;203.190000000;100;9563726386;B
20240208;100853;203.190000000;10;9563728346;B
20240208;100853;203.190000000;20;9563728355;B
20240208;100853;203.190000000;10;9563728356;B
20240208;100853;203.190000000;20;9563728358;B
20240208;100854;203.160000000;290;9563728445;S
20240208;100854;203.160000000;460;9563728446;S
20240208;100854;203.150000000;250;9563728447;S
20240208;100859;203.190000000;10;9563729399;B
20240208;100901;203.160000000;70;9563729576;S
20240208;100901;203.160000000;30;9563729588;S
20240208;100905;203.190000000;20;9563730098;B
20240208;100905;203.190000000;30;9563730100;B
20240208;100905;203.190000000;10;9563730102;B
20240208;100905;203.230000000;10;9563730103;B
20240208;100906;203.160000000;10;9563730440;S
20240208;100911;203.230000000;10;9563731575;B
20240208;100913;203.240000000;10;9563732012;B
20240208;100914;203.240000000;10;9563732175;B
20240208;100914;203.250000000;50;9563732176;B
20240208;100915;203.170000000;500;9563732340;S
20240208;100917;203.230000000;10;9563732752;B
20240208;100917;203.240000000;50;9563732753;S
20240208;100917;203.250000000;30;9563732761;B
20240208;100917;203.250000000;10;9563732764;B
20240208;100917;203.250000000;20;9563732765;B
20240208;100924;203.170000000;20;9563734427;S
20240208;100924;203.170000000;10;9563734443;S
20240208;100930;203.240000000;10;9563735709;B
20240208;100930;203.240000000;10;9563735723;B
20240208;100930;203.250000000;30;9563735725;B
20240208;100930;203.250000000;30;9563735727;B
20240208;100933;203.170000000;20;9563736258;S
20240208;100933;203.170000000;90;9563736259;B
20240208;100940;203.170000000;260;9563737751;S
20240208;100945;203.230000000;20;9563738673;B
20240208;100945;203.240000000;10;9563738677;B
20240208;100945;203.240000000;30;9563738678;B
20240208;100945;203.240000000;10;9563738679;B
20240208;100945;203.200000000;30;9563738792;S
20240208;100946;203.240000000;400;9563738975;B
20240208;100948;203.210000000;20;9563739433;S
20240208;100948;203.200000000;130;9563739434;S
20240208;100950;203.200000000;100;9563739871;S
20240208;100958;203.240000000;30;9563741392;B
20240208;100958;203.240000000;10;9563741393;B
20240208;100958;203.240000000;10;9563741394;B
20240208;100958;203.240000000;10;9563741395;B
20240208;100958;203.250000000;10;9563741396;B
20240208;101006;203.200000000;30;9563743066;S
20240208;101006;203.200000000;280;9563743067;S
20240208;101009;203.200000000;300;9563743872;S
20240208;101012;203.240000000;10;9563744611;B
20240208;101017;203.240000000;10;9563745519;B
20240208;101017;203.200000000;10;9563745548;S
20240208;101017;203.200000000;10;9563745549;S
20240208;101020;203.200000000;10;9563746084;S
20240208;101023;203.200000000;40;9563746902;S
20240208;101023;203.190000000;160;9563746903;S
20240208;101023;203.190000000;10;9563746904;S
20240208;101025;203.210000000;30;9563747206;B
20240208;101025;203.210000000;10;9563747207;B
20240208;101025;203.210000000;20;9563747208;B
20240208;101025;203.240000000;10;9563747209;B
20240208;101025;203.240000000;10;9563747210;B
20240208;101025;203.240000000;10;9563747211;B
20240208;101025;203.240000000;10;9563747214;B
20240208;101025;203.240000000;10;9563747215;B
20240208;101025;203.240000000;10;9563747216;B
20240208;101025;203.240000000;10;9563747217;B
20240208;101027;203.240000000;10;9563747630;B
20240208;101031;203.210000000;10;9563748684;B
20240208;101032;203.200000000;360;9563748843;S
20240208;101037;203.200000000;90;9563749654;B
20240208;101038;203.200000000;20;9563750023;B
20240208;101038;203.200000000;10;9563750028;B
20240208;101038;203.200000000;20;9563750031;B
20240208;101038;203.200000000;10;9563750032;B
20240208;101039;203.190000000;10;9563750139;S
20240208;101039;203.190000000;10;9563750140;S
20240208;101040;203.200000000;1470;9563750403;B
20240208;101040;203.200000000;650;9563750404;B
20240208;101040;203.200000000;50;9563750405;B
20240208;101040;203.200000000;70;9563750406;B
20240208;101040;203.210000000;2760;9563750407;B
20240208;101042;203.190000000;50;9563750793;S
20240208;101045;203.210000000;50;9563751368;B
20240208;101047;203.210000000;30;9563751728;B
20240208;101048;203.190000000;10;9563751822;S
20240208;101048;203.190000000;10;9563751823;S
20240208;101051;203.210000000;20;9563752427;B
20240208;101051;203.210000000;10;9563752428;B
20240208;101051;203.210000000;20;9563752429;B
20240208;101051;203.210000000;20;9563752431;B
20240208;101056;203.200000000;30;9563753405;B
20240208;101056;203.180000000;10;9563753406;S
20240208;101057;203.180000000;20;9563753461;S
20240208;101102;203.170000000;40;9563754771;S
20240208;101106;203.170000000;60;9563755642;S
20240208;101106;203.160000000;20;9563755643;S
20240208;101106;203.160000000;20;9563755644;S
20240208;101106;203.180000000;10;9563755702;B
20240208;101106;203.160000000;60;9563755705;S
20240208;101106;203.180000000;20;9563755706;B
20240208;101106;203.180000000;10;9563755711;B
20240208;101106;203.180000000;20;9563755728;B
20240208;101106;203.180000000;20;9563755729;B
20240208;101106;203.180000000;20;9563755829;B
20240208;101107;203.180000000;10;9563755950;B
20240208;101108;203.180000000;60;9563756082;B
20240208;101108;203.180000000;40;9563756083;B
20240208;101108;203.160000000;70;9563756089;S
20240208;101108;203.150000000;10;9563756090;S
20240208;101109;203.170000000;500;9563756426;S
20240208;101109;203.150000000;20;9563756427;S
20240208;101115;203.150000000;550;9563757809;S
20240208;101117;203.160000000;70;9563758360;B
20240208;101120;203.160000000;10;9563759130;B
20240208;101120;203.160000000;20;9563759146;B
20240208;101120;203.160000000;10;9563759148;B
20240208;101120;203.160000000;20;9563759149;B
20240208;101120;203.160000000;10;9563759150;B
20240208;101126;203.130000000;750;9563760315;S
20240208;101132;203.110000000;170;9563761575;S
20240208;101132;203.110000000;440;9563761576;S
20240208;101132;203.100000000;30;9563761577;S
20240208;101132;203.100000000;1860;9563761578;S
20240208;101133;203.140000000;10;9563761799;B
20240208;101133;203.160000000;120;9563761800;B
20240208;101133;203.180000000;10;9563761801;B
20240208;101133;203.180000000;20;9563761802;B
20240208;101133;203.190000000;340;9563761803;B
20240208;101133;203.190000000;20;9563761892;B
20240208;101133;203.190000000;20;9563761893;B
20240208;101133;203.190000000;10;9563761894;B
20240208;101133;203.190000000;20;9563761900;B
20240208;101135;203.130000000;30;9563762125;B
20240208;101143;203.130000000;180;9563763628;B
20240208;101146;203.130000000;20;9563764300;B
20240208;101146;203.130000000;30;9563764302;B
20240208;101146;203.130000000;10;9563764303;B
20240208;101146;203.120000000;10;9563764406;S
20240208;101150;203.130000000;10;9563765433;B
20240208;101150;203.130000000;40;9563765503;B
20240208;101154;203.110000000;190;9563766409;S
20240208;101159;203.120000000;10;9563767240;B
20240208;101159;203.130000000;10;9563767241;B
20240208;101159;203.130000000;10;9563767246;B
20240208;101159;203.130000000;20;9563767249;B
20240208;101159;203.130000000;10;9563767250;B
20240208;101159;203.130000000;40;9563767252;B
20240208;101202;203.110000000;20;9563767973;S
20240208;101202;203.110000000;20;9563767987;S
20240208;101202;203.100000000;180;9563767988;S
20240208;101205;203.120000000;10;9563768591;B
20240208;101205;203.130000000;50;9563768592;B
20240208;101205;203.120000000;10;9563768702;B
20240208;101211;203.110000000;120;9563769671;S
20240208;101211;203.100000000;10;9563769672;S
20240208;101212;203.130000000;20;9563770058;B
20240208;101213;203.130000000;30;9563770071;B
20240208;101215;203.110000000;60;9563770568;S
20240208;101217;203.110000000;30;9563770977;S
20240208;101217;203.100000000;2950;9563770978;S
20240208;101217;203.100000000;440;9563770979;S
20240208;101217;203.100000000;300;9563770980;S
20240208;101218;203.090000000;700;9563771237;S
20240208;101222;203.090000000;10;9563772203;B
20240208;101224;203.090000000;10;9563772645;B
20240208;101225;203.060000000;10;9563772776;S
20240208;101225;203.040000000;10;9563772777;S
20240208;101225;203.040000000;180;9563772778;S
20240208;101225;203.020000000;500;9563772779;S
20240208;101225;203.010000000;70;9563772780;S
20240208;101226;203.070000000;20;9563773144;B
20240208;101226;203.070000000;10;9563773149;B
20240208;101226;203.070000000;30;9563773150;B
20240208;101226;203.070000000;10;9563773157;B
20240208;101229;203.040000000;10;9563773755;B
20240208;101229;203.070000000;490;9563773756;B
20240208;101231;203.060000000;460;9563774157;S
20240208;101235;203.060000000;10;9563774738;B
20240208;101238;203.060000000;20;9563775467;B
20240208;101238;203.060000000;10;9563775472;B
20240208;101238;203.060000000;20;9563775473;B
20240208;101238;203.060000000;20;9563775474;B
20240208;101246;203.010000000;60;9563776818;S
20240208;101251;203.040000000;10;9563777597;B
20240208;101251;203.050000000;10;9563777603;B
20240208;101251;203.060000000;10;9563777604;B
20240208;101251;203.060000000;10;9563777605;B
20240208;101251;203.060000000;20;9563777606;B
20240208;101252;203.010000000;120;9563777802;S
20240208;101252;203.000000000;40;9563777803;S
20240208;101252;203.000000000;500;9563777804;S
20240208;101252;203.000000000;1000;9563777805;S
20240208;101252;202.980000000;440;9563777806;S
20240208;101252;202.950000000;180;9563777807;S
20240208;101252;202.940000000;980;9563777808;S
20240208;101252;202.860000000;50;9563777809;S
20240208;101252;202.850000000;30;9563777810;S
20240208;101252;202.850000000;300;9563777811;S
20240208;101252;202.850000000;800;9563777812;S
20240208;101252;202.840000000;100;9563777813;S
20240208;101252;202.820000000;1780;9563777814;S
20240208;101252;202.810000000;500;9563777815;S
20240208;101252;202.800000000;100;9563777816;S
20240208;101252;202.760000000;80;9563777817;S
20240208;101252;202.830000000;100;9563777902;S
20240208;101256;202.960000000;50;9563779001;B
20240208;101259;202.900000000;10;9563779480;B
20240208;101259;202.930000000;20;9563779481;B
20240208;101305;202.950000000;10;9563780735;B
20240208;101305;203.030000000;20;9563780737;B
20240208;101305;203.030000000;10;9563780738;B
20240208;101305;203.030000000;20;9563780739;B
20240208;101305;203.030000000;20;9563780740;B
20240208;101310;202.940000000;10;9563781897;B
20240208;101312;202.890000000;100;9563782186;S
20240208;101318;203.030000000;10;9563783169;B
20240208;101318;203.030000000;20;9563783175;B
20240208;101318;203.030000000;20;9563783176;B
20240208;101318;203.030000000;10;9563783178;B
20240208;101320;202.900000000;10;9563783493;S
20240208;101321;202.960000000;10;9563783822;B
20240208;101322;202.960000000;90;9563783948;B
20240208;101330;202.930000000;50;9563785263;S
20240208;101331;203.050000000;10;9563785438;B
20240208;101331;203.050000000;10;9563785440;B
20240208;101331;203.060000000;10;9563785441;B
20240208;101331;203.060000000;20;9563785443;B
20240208;101331;203.060000000;10;9563785444;B
20240208;101333;202.970000000;10;9563785748;B
20240208;101336;202.980000000;10;9563786298;B
20240208;101344;202.960000000;50;9563788150;B
20240208;101345;203.000000000;10;9563788328;B
20240208;101345;203.030000000;10;9563788329;B
20240208;101345;203.030000000;20;9563788334;B
20240208;101345;203.030000000;10;9563788336;B
20240208;101345;203.030000000;20;9563788338;B
20240208;101345;203.030000000;10;9563788346;B
20240208;101349;202.950000000;140;9563789009;S
20240208;101351;202.950000000;250;9563789335;B
20240208;101352;202.950000000;60;9563790003;B
20240208;101355;202.910000000;40;9563790673;B
20240208;101357;202.900000000;10;9563791028;B
20240208;101357;202.910000000;20;9563791029;B
20240208;101357;202.910000000;20;9563791039;B
20240208;101357;202.910000000;20;9563791040;B
20240208;101402;202.920000000;10;9563791886;B
20240208;101403;202.880000000;30;9563792000;B
20240208;101404;202.880000000;10;9563792269;B
20240208;101407;202.880000000;20;9563792580;B
20240208;101408;202.880000000;200;9563792731;B
20240208;101409;202.850000000;390;9563792902;S
20240208;101409;202.800000000;100;9563792903;S
20240208;101409;202.790000000;10;9563792904;S
20240208;101409;202.790000000;170;9563792905;S
20240208;101409;202.770000000;30;9563792906;S
20240208;101409;202.760000000;300;9563792907;S
20240208;101409;202.790000000;100;9563792913;B
20240208;101411;202.840000000;10;9563793606;B
20240208;101411;202.840000000;30;9563793608;B
20240208;101411;202.840000000;20;9563793609;B
20240208;101411;202.840000000;20;9563793610;B
20240208;101412;202.800000000;10;9563793799;B
20240208;101413;202.810000000;160;9563793835;S
20240208;101424;202.770000000;10;9563795658;S
20240208;101424;202.760000000;120;9563795659;S
20240208;101425;202.800000000;10;9563795736;B
20240208;101425;202.810000000;20;9563795740;B
20240208;101425;202.810000000;10;9563795763;B
20240208;101425;202.810000000;10;9563795765;B
20240208;101425;202.840000000;10;9563795766;B
20240208;101425;202.840000000;20;9563795770;B
20240208;101426;202.790000000;10;9563796008;B
20240208;101429;202.800000000;170;9563796454;B
20240208;101431;202.810000000;160;9563796867;S
20240208;101431;202.810000000;370;9563796868;S
20240208;101433;202.760000000;10;9563797074;S
20240208;101433;202.750000000;90;9563797075;S
20240208;101434;202.800000000;200;9563797271;B
20240208;101435;202.800000000;10;9563797465;B
20240208;101435;202.800000000;20;9563797472;B
20240208;101435;202.800000000;10;9563797473;B
20240208;101435;202.800000000;270;9563797489;B
20240208;101436;202.800000000;450;9563797560;B
20240208;101436;202.800000000;10;9563797561;B
20240208;101440;202.860000000;10;9563798330;B
20240208;101443;202.810000000;10;9563798883;S
20240208;101443;202.790000000;10;9563798884;S
20240208;101443;202.780000000;350;9563798885;S
20240208;101443;202.760000000;200;9563798886;S
20240208;101443;202.760000000;1150;9563798887;S
20240208;101443;202.760000000;1480;9563798888;S
20240208;101443;202.760000000;2800;9563798889;B
20240208;101446;202.800000000;400;9563799369;S
20240208;101447;202.860000000;20;9563799421;B
20240208;101447;202.860000000;10;9563799437;B
20240208;101447;202.860000000;20;9563799438;B
20240208;101447;202.860000000;20;9563799443;B
20240208;101447;202.760000000;10;9563799553;S
20240208;101447;202.860000000;220;9563799582;B
20240208;101447;202.860000000;180;9563799583;B
20240208;101447;202.880000000;130;9563799584;B
20240208;101447;202.880000000;70;9563799585;B
20240208;101447;202.890000000;600;9563799586;S
20240208;101448;202.890000000;500;9563799669;S
20240208;101452;202.830000000;10;9563800666;S
20240208;101455;202.830000000;10;9563801151;S
20240208;101459;202.930000000;10;9563802230;B
20240208;101459;202.930000000;20;9563802234;B
20240208;101459;202.930000000;10;9563802235;B
20240208;101459;202.930000000;20;9563802236;B
20240208;101510;202.870000000;10;9563805960;B
20240208;101511;202.800000000;10;9563806071;S
20240208;101511;202.790000000;10;9563806172;S
20240208;101515;202.790000000;90;9563807136;S
20240208;101521;202.840000000;180;9563809227;B
20240208;101521;202.850000000;60;9563809228;B
20240208;101521;202.850000000;10;9563809229;B
20240208;101521;202.860000000;350;9563809230;B
20240208;101521;202.750000000;40;9563809248;S
20240208;101524;202.790000000;20;9563810316;B
20240208;101530;202.790000000;10;9563811761;S
20240208;101533;202.780000000;10;9563812674;S
20240208;101538;202.860000000;60;9563814201;B
20240208;101538;202.870000000;10;9563814202;B
20240208;101538;202.880000000;60;9563814203;B
20240208;101538;202.880000000;70;9563814204;B
20240208;101546;202.790000000;10;9563816970;S
20240208;101546;202.780000000;170;9563817056;S
20240208;101546;202.780000000;60;9563817057;S
20240208;101546;202.780000000;270;9563817058;S
20240208;101551;202.780000000;20;9563818352;S
20240208;101555;202.780000000;60;9563819294;S
20240208;101556;202.760000000;30;9563819744;B
20240208;101603;202.760000000;10;9563821658;S
20240208;101611;202.750000000;20;9563823666;S
20240208;101613;202.760000000;10;9563824173;S
20240208;101615;202.780000000;830;9563824625;B
20240208;101616;202.800000000;50;9563824880;B
20240208;101618;202.800000000;90;9563825515;B
20240208;101618;202.800000000;730;9563825516;B
20240208;101619;202.800000000;10;9563825709;B
20240208;101619;202.790000000;10;9563825809;S
20240208;101619;202.800000000;650;9563825856;B
20240208;101621;202.840000000;170;9563826311;B
20240208;101621;202.870000000;90;9563826312;B
20240208;101621;202.880000000;70;9563826313;B
20240208;101621;202.880000000;60;9563826314;B
20240208;101621;202.920000000;10;9563826315;B
20240208;101621;202.920000000;20;9563826329;B
20240208;101623;202.960000000;120;9563826661;B
20240208;101626;203.000000000;10;9563827085;B
20240208;101628;203.030000000;20;9563827351;B
20240208;101628;203.040000000;10;9563827352;B
20240208;101628;202.950000000;20;9563827363;S
20240208;101629;203.030000000;10;9563827511;B
20240208;101633;203.030000000;10;9563828371;B
20240208;101633;203.040000000;20;9563828372;B
20240208;101633;203.040000000;20;9563828377;B
20240208;101633;203.040000000;10;9563828381;B
20240208;101633;203.040000000;10;9563828443;B
20240208;101635;202.950000000;160;9563828926;S
20240208;101635;202.940000000;60;9563828927;S
20240208;101635;202.890000000;210;9563828928;S
20240208;101639;202.940000000;160;9563829951;B
20240208;101643;202.950000000;30;9563830716;B
20240208;101643;202.950000000;10;9563830720;B
20240208;101646;202.950000000;60;9563831463;B
20240208;101646;202.880000000;10;9563831495;S
20240208;101654;202.920000000;40;9563833263;B
20240208;101654;202.920000000;10;9563833264;B
20240208;101654;202.920000000;10;9563833265;B
20240208;101701;202.920000000;40;9563835006;B
20240208;101701;202.920000000;120;9563835007;B
20240208;101701;202.930000000;10;9563835008;B
20240208;101701;202.940000000;30;9563835009;B
20240208;101704;202.950000000;10;9563835634;B
20240208;101705;202.950000000;10;9563835767;B
20240208;101706;202.950000000;40;9563835890;B
20240208;101706;202.950000000;10;9563835892;B
20240208;101706;202.950000000;30;9563835893;B
20240208;101710;202.950000000;10;9563836980;B
20240208;101718;202.900000000;20;9563838696;B
20240208;101718;202.900000000;20;9563838706;B
20240208;101718;202.900000000;20;9563838707;B
20240208;101720;202.860000000;60;9563839278;S
20240208;101721;202.880000000;10;9563839527;S
20240208;101721;202.860000000;10;9563839542;S
20240208;101723;202.900000000;30;9563840179;B
20240208;101728;202.880000000;10;9563841322;B
20240208;101728;202.880000000;20;9563841325;B
20240208;101728;202.880000000;10;9563841328;B
20240208;101728;202.880000000;20;9563841330;B
20240208;101729;202.830000000;50;9563841567;S
20240208;101732;202.880000000;50;9563843107;B
20240208;101733;202.880000000;70;9563843223;B
20240208;101735;202.830000000;320;9563843950;S
20240208;101735;202.820000000;180;9563843951;S
20240208;101739;202.860000000;10;9563844883;B
20240208;101739;202.860000000;40;9563844884;B
20240208;101740;202.860000000;120;9563845015;B
20240208;101741;202.850000000;10;9563845323;B
20240208;101745;202.850000000;50;9563846183;B
20240208;101749;202.850000000;20;9563846975;B
20240208;101749;202.850000000;10;9563846986;B
20240208;101749;202.850000000;10;9563846988;B
20240208;101750;202.820000000;30;9563847206;S
20240208;101750;202.800000000;10;9563847207;S
20240208;101750;202.800000000;60;9563847208;S
20240208;101750;202.790000000;290;9563847209;S
20240208;101750;202.770000000;100;9563847210;S
20240208;101750;202.760000000;10;9563847211;S
20240208;101756;202.790000000;10;9563848372;B
20240208;101756;202.800000000;60;9563848373;B
20240208;101800;202.790000000;30;9563849281;B
20240208;101800;202.790000000;20;9563849356;B
20240208;101800;202.790000000;20;9563849358;B
20240208;101800;202.790000000;30;9563849360;B
20240208;101800;202.790000000;10;9563849361;B
20240208;101804;202.780000000;70;9563850170;S
20240208;101804;202.770000000;210;9563850171;S
20240208;101804;202.770000000;40;9563850247;S
20240208;101804;202.770000000;90;9563850352;S
20240208;101805;202.770000000;10;9563851136;S
20240208;101805;202.770000000;290;9563851200;S
20240208;101805;202.770000000;150;9563851201;S
20240208;101805;202.760000000;60;9563851202;S
20240208;101805;202.790000000;10;9563851282;B
20240208;101807;202.780000000;10;9563851826;B
20240208;101807;202.780000000;10;9563851935;B
20240208;101807;202.780000000;30;9563851938;B
20240208;101808;202.770000000;80;9563852203;S
20240208;101808;202.780000000;10;9563852204;B
20240208;101809;202.770000000;270;9563852543;S
20240208;101809;202.770000000;180;9563852665;S
20240208;101811;202.780000000;30;9563853069;B
20240208;101811;202.770000000;70;9563853202;S
20240208;101811;202.770000000;100;9563853203;S
20240208;101811;202.780000000;10;9563853204;B
20240208;101812;202.780000000;20;9563853307;B
20240208;101812;202.780000000;150;9563853308;B
20240208;101812;202.780000000;70;9563853315;B
20240208;101812;202.770000000;30;9563853327;S
20240208;101814;202.780000000;20;9563853805;B
20240208;101814;202.780000000;30;9563853808;B
20240208;101814;202.780000000;20;9563853810;B
20240208;101814;202.780000000;20;9563853811;B
20240208;101814;202.770000000;10;9563853967;S
20240208;101814;202.760000000;570;9563853968;S
20240208;101817;202.780000000;10;9563854779;B
20240208;101817;202.780000000;300;9563854787;B
20240208;101820;202.760000000;500;9563855382;S
20240208;101820;202.780000000;10;9563855473;B
20240208;101823;202.770000000;10;9563856198;S
20240208;101823;202.760000000;1180;9563856199;S
20240208;101825;202.780000000;20;9563856532;B
20240208;101825;202.780000000;20;9563856533;B
20240208;101826;202.780000000;270;9563856660;B
20240208;101827;202.780000000;10;9563856985;B
20240208;101827;202.780000000;360;9563857053;B
20240208;101827;202.780000000;10;9563857054;B
20240208;101827;202.780000000;20;9563857055;B
20240208;101827;202.780000000;10;9563857056;B
20240208;101828;202.790000000;10;9563857249;S
20240208;101830;202.800000000;10;9563857606;B
20240208;101832;202.850000000;170;9563858406;B
20240208;101835;202.780000000;120;9563859007;S
20240208;101835;202.770000000;240;9563859008;S
20240208;101835;202.760000000;140;9563859009;S
20240208;101836;202.840000000;20;9563859164;B
20240208;101836;202.840000000;20;9563859173;B
20240208;101836;202.840000000;10;9563859174;B
20240208;101836;202.840000000;20;9563859177;B
20240208;101837;202.800000000;20;9563859490;B
20240208;101838;202.790000000;100;9563859856;S
20240208;101838;202.780000000;10;9563859857;S
20240208;101838;202.770000000;160;9563859858;S
20240208;101838;202.760000000;230;9563859859;S
20240208;101838;202.760000000;4310;9563859860;S
20240208;101838;202.750000000;690;9563859861;S
20240208;101840;202.770000000;320;9563860198;B
20240208;101840;202.760000000;40;9563860221;S
20240208;101840;202.750000000;210;9563860222;S
20240208;101845;202.770000000;10;9563861361;B
20240208;101848;202.770000000;20;9563861991;B
20240208;101848;202.770000000;40;9563861993;B
20240208;101853;202.760000000;10;9563862878;S
20240208;101853;202.760000000;10;9563862999;S
20240208;101857;202.760000000;260;9563864012;S
20240208;101857;202.760000000;70;9563864013;S
20240208;101857;202.750000000;500;9563864014;S
20240208;101857;202.750000000;100;9563864015;S
20240208;101857;202.760000000;100;9563864016;B
20240208;101857;202.750000000;500;9563864018;S
20240208;101858;202.750000000;90;9563864091;S
20240208;101858;202.760000000;10;9563864220;B
20240208;101859;202.760000000;20;9563864334;B
20240208;101859;202.760000000;20;9563864340;B
20240208;101859;202.760000000;30;9563864341;B
20240208;101900;202.750000000;10;9563864443;S
20240208;101900;202.750000000;10;9563864508;S
20240208;101900;202.750000000;150;9563864509;S
20240208;101900;202.750000000;10;9563864510;S
20240208;101900;202.750000000;100;9563864511;S
20240208;101900;202.750000000;230;9563864512;S
20240208;101902;202.760000000;40;9563864709;B
20240208;101902;202.740000000;90;9563864800;S
20240208;101903;202.750000000;150;9563865198;S
20240208;101903;202.750000000;80;9563865227;S
20240208;101903;202.740000000;910;9563865228;S
20240208;101903;202.730000000;10;9563865229;S
20240208;101903;202.730000000;10;9563865230;S
20240208;101903;202.710000000;100;9563865231;S
20240208;101903;202.700000000;10;9563865232;S
20240208;101903;202.700000000;880;9563865233;S
20240208;101903;202.710000000;10;9563865235;S
20240208;101903;202.710000000;180;9563865236;B
20240208;101904;202.700000000;810;9563865239;S
20240208;101904;202.700000000;150;9563865240;S
20240208;101904;202.700000000;10;9563865275;S
20240208;101906;202.740000000;140;9563865870;S
20240208;101910;202.720000000;20;9563866560;B
20240208;101910;202.720000000;30;9563866561;B
20240208;101912;202.720000000;20;9563867285;B
20240208;101913;202.710000000;10;9563867604;S
20240208;101916;202.720000000;10;9563868049;B
20240208;101917;202.710000000;90;9563868204;S
20240208;101917;202.710000000;140;9563868205;S
20240208;101917;202.710000000;10;9563868206;S
20240208;101917;202.710000000;10;9563868207;S
20240208;101917;202.710000000;10;9563868208;S
20240208;101917;202.700000000;10;9563868209;S
20240208;101917;202.720000000;20;9563868214;B
20240208;101917;202.720000000;400;9563868377;B
20240208;101920;202.760000000;20;9563869037;B
20240208;101920;202.740000000;10;9563869038;B
20240208;101920;202.740000000;20;9563869039;B
20240208;101920;202.740000000;220;9563869040;B
20240208;101921;202.740000000;10;9563869255;B
20240208;101923;202.740000000;10;9563869490;B
20240208;101923;202.730000000;340;9563869666;S
20240208;101923;202.720000000;70;9563869667;S
20240208;101923;202.720000000;10;9563869668;S
20240208;101924;202.700000000;40;9563869786;S
20240208;101926;202.700000000;500;9563870058;S
20240208;101926;202.700000000;170;9563870064;S
20240208;101926;202.700000000;40;9563870137;S
20240208;101926;202.700000000;490;9563870176;S
20240208;101926;202.710000000;50;9563870243;B
20240208;101929;202.700000000;500;9563870799;S
20240208;101929;202.710000000;50;9563870832;B
20240208;101930;202.710000000;20;9563870982;B
20240208;101930;202.700000000;10;9563871036;S
20240208;101931;202.710000000;10;9563871332;B
20240208;101931;202.710000000;30;9563871333;B
20240208;101931;202.710000000;30;9563871335;B
20240208;101932;202.700000000;500;9563871395;S
20240208;101932;202.700000000;230;9563871401;S
20240208;101932;202.700000000;10;9563871511;S
20240208;101933;202.700000000;1200;9563871817;S
20240208;101933;202.700000000;1000;9563871818;S
20240208;101933;202.700000000;210;9563871819;S
20240208;101933;202.680000000;30;9563871821;B
20240208;101933;202.650000000;10;9563871846;S
20240208;101934;202.640000000;180;9563871862;S
20240208;101934;202.640000000;190;9563871863;S
20240208;101935;202.640000000;450;9563872200;S
20240208;101935;202.640000000;50;9563872201;S
20240208;101938;202.630000000;40;9563872781;S
20240208;101938;202.620000000;40;9563872782;S
20240208;101942;202.640000000;10;9563873696;B
20240208;101942;202.620000000;10;9563873855;S
20240208;101943;202.650000000;10;9563873908;B
20240208;101943;202.660000000;20;9563873915;B
20240208;101943;202.660000000;10;9563873919;B
20240208;101945;202.640000000;20;9563874430;S
20240208;101948;202.610000000;100;9563875370;S
20240208;101948;202.600000000;390;9563875371;S
20240208;101948;202.560000000;10;9563875372;S
20240208;101948;202.610000000;40;9563875374;S
20240208;101949;202.600000000;10;9563875463;B
20240208;101952;202.580000000;10;9563876331;B
20240208;101952;202.510000000;10;9563876373;S
20240208;101952;202.510000000;440;9563876374;S
20240208;101952;202.510000000;10;9563876375;S
20240208;101952;202.510000000;80;9563876376;S
20240208;101952;202.500000000;10;9563876377;S
20240208;101952;202.500000000;1000;9563876378;S
20240208;101952;202.500000000;50;9563876379;S
20240208;101952;202.500000000;10;9563876380;S
20240208;101952;202.500000000;30;9563876381;S
20240208;101952;202.500000000;10;9563876382;S
20240208;101952;202.500000000;1000;9563876383;S
20240208;101952;202.500000000;180;9563876384;S
20240208;101952;202.490000000;20;9563876388;B
20240208;101952;202.460000000;10;9563876467;S
20240208;101952;202.440000000;20;9563876468;S
20240208;101953;202.440000000;10;9563876549;S
20240208;101953;202.440000000;100;9563876550;S
20240208;101954;202.460000000;10;9563876721;S
20240208;101954;202.480000000;30;9563876751;B
20240208;101955;202.450000000;320;9563877006;S
20240208;101955;202.450000000;70;9563877007;S
20240208;101955;202.440000000;400;9563877008;S
20240208;101955;202.440000000;210;9563877009;S
20240208;101956;202.450000000;40;9563877179;B
20240208;101956;202.450000000;10;9563877182;B
20240208;101956;202.450000000;20;9563877183;B
20240208;101956;202.450000000;20;9563877184;B
20240208;101957;202.390000000;10;9563877391;S
20240208;101958;202.430000000;120;9563877641;S
20240208;101958;202.420000000;110;9563877642;S
20240208;101958;202.380000000;100;9563877643;S
20240208;101958;202.380000000;100;9563877644;S
20240208;101958;202.380000000;570;9563877645;S
20240208;102001;202.420000000;10;9563878106;S
20240208;102002;202.420000000;100;9563878355;S
20240208;102002;202.410000000;250;9563878356;S
20240208;102002;202.380000000;150;9563878357;S
20240208;102003;202.390000000;100;9563878643;S
20240208;102004;202.380000000;260;9563878738;S
20240208;102004;202.370000000;100;9563878739;S
20240208;102004;202.340000000;50;9563878767;S
20240208;102004;202.340000000;530;9563878768;S
20240208;102004;202.320000000;260;9563878809;S
20240208;102004;202.330000000;10;9563878860;S
20240208;102005;202.350000000;10;9563878998;B
20240208;102005;202.340000000;10;9563879027;S
20240208;102005;202.340000000;10;9563879150;S
20240208;102006;202.340000000;70;9563879183;S
20240208;102006;202.340000000;130;9563879184;S
20240208;102006;202.340000000;10;9563879185;S
20240208;102006;202.330000000;80;9563879210;B
20240208;102006;202.340000000;170;9563879211;B
20240208;102006;202.310000000;40;9563879263;S
20240208;102006;202.300000000;410;9563879264;S
20240208;102006;202.330000000;160;9563879332;B
20240208;102007;202.310000000;100;9563879531;S
20240208;102007;202.310000000;40;9563879532;S
20240208;102007;202.320000000;160;9563879552;B
20240208;102007;202.340000000;20;9563879562;B
20240208;102007;202.350000000;20;9563879585;B
20240208;102007;202.350000000;110;9563879586;B
20240208;102007;202.350000000;30;9563879588;B
20240208;102007;202.400000000;120;9563879617;B
20240208;102007;202.410000000;160;9563879637;B
20240208;102007;202.420000000;20;9563879638;B
20240208;102007;202.420000000;280;9563879639;B
20240208;102008;202.420000000;100;9563879650;B
20240208;102008;202.420000000;110;9563879651;B
20240208;102008;202.430000000;170;9563879653;B
20240208;102008;202.440000000;130;9563879654;B
20240208;102008;202.440000000;30;9563879671;B
20240208;102008;202.450000000;10;9563879672;B
20240208;102008;202.480000000;10;9563879673;B
20240208;102008;202.490000000;180;9563879674;B
20240208;102008;202.530000000;80;9563879675;B
20240208;102008;202.540000000;70;9563879676;B
20240208;102008;202.590000000;50;9563879677;B
20240208;102008;202.360000000;10;9563879732;S
20240208;102011;202.600000000;140;9563880549;S
20240208;102012;202.540000000;30;9563880709;S
20240208;102014;202.600000000;10;9563881057;B
20240208;102016;202.600000000;10;9563881471;S
20240208;102016;202.600000000;30;9563881472;S
20240208;102016;202.600000000;10;9563881551;S
20240208;102016;202.610000000;80;9563881621;B
20240208;102016;202.600000000;10;9563881622;S
20240208;102016;202.600000000;20;9563881638;S
20240208;102017;202.600000000;10;9563881885;S
20240208;102018;202.610000000;20;9563881943;B
20240208;102018;202.600000000;10;9563881944;S
20240208;102018;202.600000000;20;9563881945;S
20240208;102018;202.600000000;20;9563881969;S
20240208;102024;202.590000000;50;9563886143;B
20240208;102024;202.590000000;30;9563886144;B
20240208;102024;202.590000000;30;9563886154;B
20240208;102025;202.590000000;30;9563886245;B
20240208;102025;202.580000000;10;9563886714;S
20240208;102025;202.580000000;220;9563886715;S
20240208;102027;202.590000000;190;9563887143;B
20240208;102027;202.590000000;120;9563887213;B
20240208;102029;202.590000000;130;9563887497;B
20240208;102031;202.600000000;1480;9563888847;S
20240208;102031;202.600000000;980;9563888848;S
20240208;102031;202.580000000;40;9563888849;S
20240208;102031;202.610000000;10;9563889952;B
20240208;102031;202.610000000;90;9563889962;B
20240208;102031;202.610000000;10;9563889963;B
20240208;102032;202.600000000;1480;9563890156;S
20240208;102032;202.600000000;980;9563890157;S
20240208;102032;202.590000000;10;9563890158;S
20240208;102032;202.580000000;30;9563890159;S
20240208;102032;202.610000000;40;9563890215;B
20240208;102032;202.610000000;10;9563890216;B
20240208;102032;202.600000000;1480;9563890265;S
20240208;102032;202.600000000;10;9563890266;S
20240208;102032;202.590000000;980;9563890267;S
20240208;102032;202.590000000;30;9563890268;S
20240208;102032;202.610000000;20;9563890278;B
20240208;102033;202.650000000;10;9563890292;B
20240208;102033;202.620000000;80;9563890386;S
20240208;102033;202.620000000;50;9563890387;S
20240208;102033;202.600000000;1480;9563890388;S
20240208;102033;202.590000000;890;9563890389;S
20240208;102036;202.590000000;80;9563892048;S
20240208;102036;202.580000000;70;9563892049;S
20240208;102036;202.560000000;180;9563892050;S
20240208;102036;202.550000000;160;9563892051;S
20240208;102036;202.540000000;30;9563892052;S
20240208;102036;202.490000000;10;9563892054;S
20240208;102036;202.520000000;190;9563892089;B
20240208;102036;202.530000000;270;9563892090;B
20240208;102037;202.470000000;180;9563892323;S
20240208;102037;202.460000000;160;9563892324;S
20240208;102037;202.460000000;10;9563892325;S
20240208;102037;202.460000000;70;9563892326;S
20240208;102039;202.500000000;10;9563893298;B
20240208;102039;202.520000000;110;9563893299;B
20240208;102039;202.540000000;50;9563893300;B
20240208;102039;202.560000000;180;9563893301;B
20240208;102039;202.590000000;650;9563893302;B
20240208;102040;202.570000000;30;9563894134;B
20240208;102040;202.570000000;20;9563894142;B
20240208;102040;202.580000000;30;9563894143;B
20240208;102040;202.580000000;10;9563894144;B
20240208;102042;202.540000000;40;9563894504;S
20240208;102043;202.550000000;10;9563894692;S
20240208;102045;202.490000000;10;9563895000;S
20240208;102045;202.480000000;10;9563895001;S
20240208;102045;202.460000000;30;9563895002;S
20240208;102045;202.420000000;10;9563895003;S
20240208;102045;202.400000000;60;9563895004;S
20240208;102045;202.390000000;180;9563895005;S
20240208;102045;202.380000000;80;9563895006;S
20240208;102045;202.360000000;120;9563895007;S
20240208;102045;202.540000000;250;9563895010;B
20240208;102051;202.450000000;20;9563897298;B
20240208;102051;202.450000000;20;9563897303;B
20240208;102053;202.440000000;10;9563897909;B
20240208;102054;202.450000000;10;9563898078;B
20240208;102054;202.450000000;10;9563898185;B
20240208;102056;202.450000000;10;9563898654;B
20240208;102056;202.450000000;90;9563898959;B
20240208;102059;202.440000000;10;9563900128;S
20240208;102059;202.440000000;50;9563900129;S
20240208;102101;202.490000000;80;9563901153;B
20240208;102102;202.490000000;10;9563902056;B
20240208;102102;202.490000000;10;9563902058;B
20240208;102102;202.490000000;30;9563902060;B
20240208;102102;202.480000000;10;9563902137;S
20240208;102103;202.480000000;10;9563902143;S
20240208;102103;202.490000000;20;9563902251;B
20240208;102106;202.490000000;10;9563902952;B
20240208;102111;202.500000000;10;9563904769;S
20240208;102111;202.480000000;20;9563904770;S
20240208;102111;202.450000000;30;9563904771;S
20240208;102111;202.440000000;40;9563904772;S
20240208;102113;202.550000000;10;9563905329;B
20240208;102113;202.560000000;180;9563905330;B
20240208;102113;202.570000000;160;9563905331;B
20240208;102113;202.590000000;50;9563905332;B
20240208;102114;202.630000000;30;9563905545;B
20240208;102114;202.630000000;10;9563905547;B
20240208;102114;202.630000000;20;9563905548;B
20240208;102114;202.630000000;10;9563905549;B
20240208;102116;202.610000000;40;9563905962;B
20240208;102116;202.490000000;10;9563906007;S
20240208;102116;202.480000000;10;9563906008;S
20240208;102116;202.480000000;10;9563906009;S
20240208;102117;202.610000000;100;9563906543;B
20240208;102117;202.610000000;1040;9563906544;B
20240208;102117;202.610000000;1480;9563906545;B
20240208;102117;202.620000000;980;9563906546;B
20240208;102117;202.630000000;500;9563906547;B
20240208;102117;202.650000000;420;9563906548;B
20240208;102117;202.690000000;270;9563906549;B
20240208;102117;202.700000000;2590;9563906550;B
20240208;102117;202.710000000;120;9563906551;B
20240208;102124;202.670000000;10;9563908115;B
20240208;102124;202.690000000;40;9563908116;B
20240208;102125;202.700000000;20;9563908239;B
20240208;102125;202.700000000;30;9563908240;B
20240208;102128;202.620000000;10;9563910180;S
20240208;102132;202.680000000;10;9563911499;B
20240208;102132;202.700000000;10;9563911500;B
20240208;102132;202.700000000;20;9563911507;B
20240208;102132;202.700000000;10;9563911595;B
20240208;102136;202.700000000;30;9563912307;B
20240208;102136;202.700000000;40;9563912309;B
20240208;102136;202.700000000;10;9563912311;B
20240208;102138;202.590000000;10;9563912920;S
20240208;102138;202.580000000;180;9563912921;S
20240208;102138;202.570000000;90;9563912922;S
20240208;102138;202.560000000;160;9563912923;S
20240208;102138;202.530000000;160;9563912924;S
20240208;102138;202.520000000;50;9563912925;S
20240208;102138;202.490000000;750;9563912926;S
20240208;102140;202.680000000;10;9563913196;B
20240208;102142;202.600000000;10;9563914601;S
20240208;102142;202.570000000;410;9563914602;S
20240208;102142;202.550000000;10;9563914603;S
20240208;102142;202.530000000;180;9563914604;S
20240208;102142;202.530000000;10;9563914605;S
20240208;102142;202.510000000;180;9563914606;S
20240208;102145;202.520000000;140;9563915604;S
20240208;102145;202.510000000;110;9563915605;S
20240208;102147;202.620000000;10;9563916250;B
20240208;102147;202.620000000;10;9563916251;B
20240208;102147;202.620000000;10;9563916252;B
20240208;102147;202.620000000;30;9563916253;B
20240208;102155;202.620000000;10;9563918923;B
20240208;102155;202.630000000;10;9563918924;B
20240208;102157;202.620000000;10;9563919386;B
20240208;102157;202.630000000;30;9563919395;B
20240208;102158;202.630000000;140;9563919624;B
20240208;102158;202.650000000;30;9563919625;B
20240208;102207;202.620000000;10;9563923204;S
20240208;102209;202.650000000;10;9563924086;B
20240208;102209;202.650000000;20;9563924091;B
20240208;102209;202.650000000;10;9563924092;B
20240208;102209;202.650000000;20;9563924098;B
20240208;102211;202.640000000;10;9563924748;S
20240208;102215;202.630000000;10;9563925904;S
20240208;102218;202.580000000;10;9563926451;S
20240208;102218;202.540000000;50;9563926452;S
20240208;102218;202.530000000;180;9563926453;S
20240208;102218;202.520000000;490;9563926454;S
20240208;102221;202.620000000;20;9563928386;B
20240208;102221;202.620000000;10;9563928394;B
20240208;102221;202.620000000;20;9563928397;B
20240208;102221;202.620000000;20;9563928398;B
20240208;102222;202.630000000;10;9563928876;B
20240208;102223;202.630000000;40;9563929048;B
20240208;102223;202.640000000;10;9563929049;B
20240208;102223;202.640000000;180;9563929050;B
20240208;102223;202.660000000;50;9563929051;B
20240208;102226;202.650000000;50;9563929988;B
20240208;102226;202.650000000;20;9563929989;B
20240208;102226;202.650000000;980;9563929990;B
20240208;102226;202.650000000;130;9563929991;B
20240208;102226;202.670000000;320;9563929992;B
20240208;102230;202.640000000;10;9563930914;B
20240208;102230;202.650000000;10;9563930915;B
20240208;102230;202.650000000;130;9563930916;B
20240208;102230;202.650000000;350;9563930917;B
20240208;102232;202.660000000;10;9563931953;B
20240208;102232;202.660000000;240;9563931994;B
20240208;102233;202.610000000;10;9563932171;S
20240208;102233;202.650000000;10;9563932172;B
20240208;102233;202.650000000;20;9563932179;B
20240208;102233;202.650000000;10;9563932180;B
20240208;102233;202.650000000;10;9563932181;B
20240208;102233;202.660000000;10;9563932288;B
20240208;102233;202.660000000;10;9563932318;B
20240208;102244;202.650000000;130;9563936820;B
20240208;102244;202.650000000;170;9563936821;S
20240208;102245;202.660000000;20;9563936922;B
20240208;102245;202.660000000;20;9563936930;B
20240208;102245;202.660000000;20;9563936934;B
20240208;102245;202.660000000;20;9563936935;B
20240208;102246;202.610000000;10;9563937255;S
20240208;102246;202.610000000;100;9563937256;S
20240208;102246;202.600000000;10;9563937257;S
20240208;102246;202.580000000;180;9563937258;S
20240208;102246;202.530000000;40;9563937259;S
20240208;102247;202.530000000;10;9563937636;S
20240208;102247;202.520000000;90;9563937637;S
20240208;102253;202.640000000;20;9563939850;B
20240208;102254;202.540000000;10;9563939989;S
20240208;102254;202.640000000;10;9563939990;B
20240208;102254;202.640000000;20;9563940043;B
20240208;102254;202.640000000;20;9563940053;B
20240208;102256;202.640000000;30;9563940745;B
20240208;102256;202.640000000;180;9563940746;B
20240208;102257;202.650000000;110;9563940993;S
20240208;102258;202.640000000;50;9563941856;S
20240208;102259;202.650000000;30;9563942175;S
20240208;102259;202.660000000;10;9563942192;B
20240208;102304;202.660000000;10;9563944421;B
20240208;102305;202.660000000;30;9563944575;B
20240208;102305;202.670000000;10;9563944576;B
20240208;102305;202.670000000;20;9563944577;B
20240208;102306;202.670000000;60;9563945003;B
20240208;102308;202.650000000;30;9563946135;S
20240208;102312;202.660000000;10;9563947056;B
20240208;102312;202.640000000;10;9563947057;S
20240208;102314;202.640000000;230;9563947371;S
20240208;102314;202.610000000;10;9563947372;S
20240208;102314;202.600000000;200;9563947373;S
20240208;102314;202.580000000;50;9563947374;S
20240208;102314;202.560000000;180;9563947375;S
20240208;102314;202.560000000;10;9563947376;S
20240208;102314;202.540000000;170;9563947377;S
20240208;102314;202.520000000;10;9563947378;S
20240208;102314;202.510000000;200;9563947379;S
20240208;102314;202.500000000;500;9563947380;S
20240208;102314;202.480000000;10;9563947381;S
20240208;102314;202.450000000;20;9563947382;S
20240208;102314;202.450000000;300;9563947383;S
20240208;102314;202.440000000;100;9563947384;S
20240208;102314;202.440000000;200;9563947385;S
20240208;102314;202.430000000;1030;9563947386;S
20240208;102314;202.420000000;50;9563947387;S
20240208;102314;202.410000000;100;9563947388;S
20240208;102314;202.410000000;1480;9563947389;S
20240208;102314;202.410000000;1050;9563947390;S
20240208;102314;202.420000000;180;9563947392;S
20240208;102314;202.420000000;60;9563947393;B
20240208;102314;202.420000000;50;9563947394;B
20240208;102314;202.420000000;520;9563947395;B
20240208;102314;202.430000000;470;9563947396;S
20240208;102314;202.430000000;10;9563947397;B
20240208;102314;202.430000000;170;9563947398;B
20240208;102314;202.400000000;240;9563947399;S
20240208;102314;202.550000000;180;9563947473;B
20240208;102314;202.560000000;220;9563947474;B
20240208;102316;202.520000000;10;9563948494;B
20240208;102316;202.520000000;40;9563948495;B
20240208;102316;202.520000000;10;9563948498;B
20240208;102319;202.540000000;50;9563949541;B
20240208;102319;202.550000000;180;9563949542;B
20240208;102319;202.560000000;30;9563949543;S
20240208;102327;202.560000000;20;9563951793;B
20240208;102327;202.560000000;30;9563951794;B
20240208;102328;202.500000000;10;9563951991;S
20240208;102328;202.480000000;100;9563951992;S
20240208;102328;202.450000000;110;9563951993;S
20240208;102328;202.440000000;180;9563951994;S
20240208;102328;202.440000000;40;9563951995;S
20240208;102328;202.420000000;50;9563951996;S
20240208;102328;202.410000000;10;9563951997;S
20240208;102332;202.510000000;20;9563953811;B
20240208;102338;202.510000000;20;9563956022;B
20240208;102338;202.510000000;10;9563956031;B
20240208;102338;202.510000000;10;9563956032;B
20240208;102338;202.510000000;20;9563956035;B
20240208;102339;202.510000000;50;9563956216;B
20240208;102339;202.520000000;150;9563956217;B
20240208;102341;202.420000000;30;9563956682;S
20240208;102341;202.420000000;10;9563956769;S
20240208;102344;202.520000000;30;9563957855;B
20240208;102344;202.520000000;10;9563957856;B
20240208;102344;202.540000000;10;9563957857;B
20240208;102344;202.550000000;110;9563957858;B
20240208;102344;202.550000000;60;9563957859;B
20240208;102344;202.440000000;60;9563957873;S
20240208;102344;202.440000000;100;9563957874;S
20240208;102344;202.430000000;20;9563957875;S
20240208;102344;202.430000000;20;9563957876;S
20240208;102344;202.430000000;180;9563957877;S
20240208;102344;202.420000000;40;9563957878;S
20240208;102344;202.420000000;140;9563957879;S
20240208;102344;202.410000000;40;9563957880;S
20240208;102344;202.410000000;30;9563957881;S
20240208;102344;202.410000000;50;9563957882;S
20240208;102344;202.410000000;50;9563957883;S
20240208;102344;202.400000000;270;9563957884;S
20240208;102348;202.500000000;20;9563959259;B
20240208;102348;202.510000000;20;9563959262;B
20240208;102348;202.510000000;10;9563959263;B
20240208;102349;202.510000000;50;9563959669;B
20240208;102351;202.510000000;50;9563960146;B
20240208;102351;202.520000000;130;9563960147;B
20240208;102358;202.520000000;50;9563961747;B
20240208;102359;202.450000000;20;9563962700;S
20240208;102359;202.440000000;10;9563962701;S
20240208;102359;202.440000000;70;9563962702;S
20240208;102359;202.520000000;20;9563962864;B
20240208;102359;202.530000000;20;9563962882;B
20240208;102359;202.530000000;10;9563963040;B
20240208;102359;202.530000000;10;9563963065;B
20240208;102359;202.530000000;20;9563963089;B
20240208;102403;202.520000000;20;9563964182;B
20240208;102403;202.530000000;20;9563964183;B
20240208;102403;202.540000000;50;9563964184;B
20240208;102403;202.550000000;10;9563964185;B
20240208;102403;202.560000000;100;9563964186;B
20240208;102403;202.570000000;100;9563964187;B
20240208;102403;202.580000000;740;9563964188;B
20240208;102405;202.590000000;10;9563964702;B
20240208;102405;202.580000000;450;9563964740;B
20240208;102410;202.560000000;10;9563967288;B
20240208;102410;202.580000000;40;9563967296;B
20240208;102412;202.480000000;10;9563968004;S
20240208;102412;202.460000000;10;9563968005;S
20240208;102412;202.450000000;180;9563968006;S
20240208;102412;202.440000000;20;9563968007;S
20240208;102412;202.440000000;20;9563968016;B
20240208;102413;202.440000000;1090;9563968081;B
20240208;102413;202.440000000;670;9563968083;B
20240208;102415;202.570000000;50;9563968912;B
20240208;102419;202.560000000;390;9563970587;S
20240208;102419;202.530000000;180;9563970588;S
20240208;102419;202.460000000;50;9563970589;S
20240208;102419;202.430000000;1480;9563970590;S
20240208;102419;202.420000000;120;9563970591;S
20240208;102419;202.420000000;50;9563970592;S
20240208;102419;202.410000000;10;9563970593;S
20240208;102419;202.410000000;20;9563970594;S
20240208;102419;202.410000000;1230;9563970595;S
20240208;102419;202.400000000;2050;9563970596;S
20240208;102419;202.400000000;10;9563970597;S
20240208;102419;202.390000000;100;9563970598;S
20240208;102419;202.320000000;100;9563970599;S
20240208;102419;202.320000000;1500;9563970600;S
20240208;102419;202.320000000;500;9563970601;S
20240208;102419;202.310000000;2590;9563970602;S
20240208;102419;202.310000000;980;9563970603;S
20240208;102419;202.300000000;90;9563970604;S
20240208;102419;202.260000000;20;9563970605;S
20240208;102419;202.260000000;10;9563970606;S
20240208;102419;202.250000000;50;9563970607;S
20240208;102419;202.250000000;70;9563970608;S
20240208;102419;202.250000000;50;9563970609;S
20240208;102419;202.250000000;440;9563970610;S
20240208;102419;202.240000000;100;9563970611;S
20240208;102419;202.240000000;640;9563970612;S
20240208;102419;202.240000000;160;9563970613;S
20240208;102419;202.230000000;100;9563970614;S
20240208;102419;202.220000000;1600;9563970615;S
20240208;102419;202.220000000;5140;9563970616;S
20240208;102419;202.220000000;100;9563970617;S
20240208;102419;202.210000000;10;9563970618;S
20240208;102419;202.200000000;10;9563970619;S
20240208;102419;202.200000000;50;9563970620;S
20240208;102419;202.200000000;20;9563970621;S
20240208;102419;202.200000000;10;9563970622;S
20240208;102419;202.200000000;50;9563970623;S
20240208;102419;202.200000000;20;9563970624;S
20240208;102419;202.200000000;1500;9563970625;S
20240208;102419;202.200000000;280;9563970626;S
20240208;102419;202.200000000;10;9563970627;S
20240208;102419;202.200000000;10;9563970628;S
20240208;102419;202.200000000;20;9563970629;S
20240208;102419;202.160000000;500;9563970630;S
20240208;102419;202.160000000;10;9563970631;S
20240208;102419;202.160000000;10;9563970632;S
20240208;102419;202.150000000;10;9563970633;S
20240208;102419;202.150000000;10;9563970634;S
20240208;102419;202.150000000;500;9563970635;S
20240208;102419;202.150000000;40;9563970636;S
20240208;102419;202.140000000;100;9563970637;S
20240208;102419;202.130000000;10;9563970638;S
20240208;102419;202.130000000;100;9563970639;S
20240208;102419;202.110000000;5000;9563970640;S
20240208;102419;202.110000000;5000;9563970641;S
20240208;102419;202.100000000;10;9563970642;S
20240208;102419;202.100000000;10;9563970643;S
20240208;102419;202.100000000;500;9563970644;S
20240208;102419;202.100000000;30;9563970645;S
20240208;102419;202.100000000;40;9563970646;S
20240208;102419;202.100000000;10;9563970647;S
20240208;102419;202.090000000;5000;9563970648;S
20240208;102419;202.070000000;50;9563970649;S
20240208;102419;202.070000000;10;9563970650;S
20240208;102419;202.070000000;10;9563970651;S
20240208;102419;202.070000000;5000;9563970652;S
20240208;102419;202.060000000;10;9563970653;S
20240208;102419;202.060000000;830;9563970654;S
20240208;102419;202.060000000;200;9563970655;S
20240208;102419;202.060000000;20;9563970656;S
20240208;102419;202.060000000;5000;9563970657;S
20240208;102419;202.050000000;10;9563970658;S
20240208;102419;202.040000000;4000;9563970659;S
20240208;102419;202.040000000;500;9563970660;S
20240208;102419;202.030000000;50;9563970661;S
20240208;102419;202.020000000;90;9563970662;S
20240208;102419;202.010000000;10;9563970663;S
20240208;102419;202.000000000;10;9563970664;S
20240208;102419;202.000000000;60;9563970665;S
20240208;102419;202.000000000;20;9563970666;S
20240208;102419;202.000000000;100;9563970667;S
20240208;102419;202.000000000;10;9563970668;S
20240208;102419;202.000000000;10;9563970669;S
20240208;102419;202.000000000;10;9563970670;S
20240208;102419;202.000000000;10;9563970671;S
20240208;102419;202.000000000;30;9563970672;S
20240208;102419;202.000000000;250;9563970673;S
20240208;102419;202.000000000;100;9563970674;S
20240208;102419;202.000000000;100;9563970675;S
20240208;102419;202.000000000;100;9563970676;S
20240208;102419;202.000000000;10;9563970677;S
20240208;102419;202.000000000;50;9563970678;S
20240208;102419;202.000000000;10;9563970679;S
20240208;102419;202.000000000;70;9563970680;S
20240208;102419;202.000000000;10;9563970681;S
20240208;102419;202.000000000;20;9563970682;S
20240208;102419;202.000000000;20;9563970683;S
20240208;102419;202.000000000;10;9563970684;S
20240208;102419;202.000000000;60;9563970685;S
20240208;102419;202.000000000;10;9563970686;S
20240208;102419;202.000000000;100;9563970687;S
20240208;102419;202.000000000;50;9563970688;S
20240208;102419;202.000000000;50;9563970689;S
20240208;102419;202.000000000;240;9563970690;S
20240208;102419;202.000000000;1000;9563970691;S
20240208;102419;202.000000000;250;9563970692;S
20240208;102419;202.000000000;20;9563970693;S
20240208;102419;202.000000000;1000;9563970694;S
20240208;102419;202.000000000;100;9563970695;S
20240208;102419;202.000000000;1000;9563970696;S
20240208;102419;202.000000000;750;9563970697;S
20240208;102419;202.000000000;500;9563970698;B
20240208;102419;202.000000000;100;9563970699;B
20240208;102419;202.000000000;200;9563970700;B
20240208;102419;202.000000000;900;9563970701;B
20240208;102419;202.000000000;300;9563970702;B
20240208;102419;202.000000000;100;9563970703;B
20240208;102419;202.000000000;200;9563970704;B
20240208;102419;201.980000000;10;9563970705;S
20240208;102419;201.980000000;210;9563970706;S
20240208;102419;202.000000000;200;9563970715;B
20240208;102419;202.000000000;100;9563970716;B
20240208;102419;202.000000000;100;9563970717;B
20240208;102419;202.000000000;300;9563970718;B
20240208;102419;201.980000000;280;9563970719;S
20240208;102419;201.980000000;220;9563970720;S
20240208;102419;201.980000000;30;9563970722;S
20240208;102419;201.980000000;10;9563970723;S
20240208;102419;202.000000000;70;9563970725;B
20240208;102419;202.000000000;90;9563970726;B
20240208;102419;201.980000000;20;9563970731;S
20240208;102419;201.980000000;500;9563970732;S
20240208;102419;202.000000000;160;9563970736;B
20240208;102419;202.000000000;10;9563970748;B
20240208;102419;202.000000000;290;9563970749;B
20240208;102419;201.980000000;60;9563970766;S
20240208;102419;201.980000000;10;9563970768;S
20240208;102419;201.980000000;10;9563970790;S
20240208;102419;201.980000000;20;9563970791;S
20240208;102419;201.980000000;10;9563970792;S
20240208;102419;201.970000000;10;9563970793;S
20240208;102419;201.970000000;10;9563970794;S
20240208;102419;202.000000000;10;9563970796;B
20240208;102419;202.000000000;100;9563970797;B
20240208;102419;201.960000000;150;9563970798;S
20240208;102419;201.960000000;50;9563970799;S
20240208;102419;201.960000000;50;9563970800;S
20240208;102419;201.950000000;10;9563970801;S
20240208;102419;201.950000000;100;9563970802;S
20240208;102419;201.920000000;200;9563970803;S
20240208;102419;201.910000000;10;9563970804;S
20240208;102419;201.910000000;10;9563970805;S
20240208;102419;201.910000000;610;9563970807;S
20240208;102419;201.910000000;200;9563970812;S
20240208;102419;201.910000000;1000;9563970813;S
20240208;102419;201.910000000;120;9563970814;S
20240208;102419;201.910000000;100;9563970815;S
20240208;102419;201.990000000;170;9563970816;B
20240208;102419;201.990000000;10;9563970824;B
20240208;102419;201.910000000;200;9563970825;S
20240208;102419;201.910000000;540;9563970826;S
20240208;102419;201.910000000;570;9563970827;S
20240208;102419;201.910000000;10;9563970863;S
20240208;102419;201.910000000;380;9563970867;S
20240208;102419;201.910000000;10;9563970868;S
20240208;102419;201.990000000;10;9563970873;B
20240208;102419;201.910000000;810;9563970875;S
20240208;102419;201.990000000;50;9563970881;B
20240208;102419;201.990000000;70;9563970882;B
20240208;102419;202.000000000;130;9563970883;B
20240208;102419;202.000000000;10;9563970892;B
20240208;102419;201.980000000;10;9563970893;S
20240208;102419;201.920000000;180;9563970894;S
20240208;102419;201.910000000;970;9563970895;S
20240208;102419;201.910000000;10;9563970946;S
20240208;102420;201.990000000;90;9563971031;B
20240208;102420;201.990000000;90;9563971045;B
20240208;102420;202.000000000;960;9563971046;B
20240208;102420;202.000000000;40;9563971047;B
20240208;102420;202.000000000;100;9563971048;B
20240208;102420;202.000000000;10;9563971049;B
20240208;102420;201.910000000;640;9563971091;S
20240208;102420;202.000000000;10;9563971124;B
20240208;102420;202.000000000;400;9563971312;B
20240208;102420;201.940000000;1000;9563971314;S
20240208;102421;202.000000000;30;9563971328;B
20240208;102421;202.000000000;100;9563971406;B
20240208;102421;202.000000000;10;9563971434;B
20240208;102421;202.000000000;10;9563971614;B
20240208;102421;202.000000000;30;9563971645;B
20240208;102421;202.000000000;250;9563971866;B
20240208;102422;202.000000000;10;9563972278;B
20240208;102423;201.950000000;10;9563972514;B
20240208;102423;201.940000000;10;9563972686;S
20240208;102423;201.940000000;10;9563972687;S
20240208;102425;201.960000000;10;9563973110;B
20240208;102426;201.960000000;70;9563973179;S
20240208;102426;201.960000000;120;9563973229;B
20240208;102427;201.980000000;10;9563973459;B
20240208;102427;202.000000000;40;9563973539;B
20240208;102428;202.000000000;50;9563975526;B
20240208;102428;202.000000000;50;9563975527;B
20240208;102428;202.000000000;1000;9563976555;B
20240208;102428;202.000000000;20;9563976569;B
20240208;102428;201.990000000;10;9563976570;S
20240208;102428;201.990000000;20;9563976571;S
20240208;102429;202.000000000;1000;9563976587;B
20240208;102429;202.000000000;1000;9563976651;B
20240208;102430;201.990000000;10;9563976990;S
20240208;102430;201.990000000;490;9563976991;S
20240208;102430;202.000000000;500;9563977100;B
20240208;102431;202.000000000;100;9563977178;B
20240208;102431;201.990000000;100;9563977234;S
20240208;102431;201.990000000;120;9563977347;S
20240208;102431;202.000000000;10;9563977348;B
20240208;102432;201.990000000;10;9563977413;S
20240208;102432;202.000000000;20;9563977489;B
20240208;102432;202.000000000;10;9563977490;B
20240208;102432;202.000000000;20;9563977491;B
20240208;102432;202.000000000;20;9563977492;B
20240208;102433;202.000000000;10;9563977563;B
20240208;102433;201.980000000;390;9563977593;B
20240208;102433;201.980000000;10;9563977595;B
20240208;102433;201.980000000;40;9563977646;B
20240208;102434;201.980000000;10;9563977772;B
20240208;102434;201.980000000;20;9563977825;B
20240208;102436;201.980000000;10;9563978372;B
20240208;102437;201.980000000;20;9563979455;B
20240208;102437;202.000000000;90;9563979459;B
20240208;102437;202.000000000;10;9563979492;B
20240208;102438;201.990000000;100;9563979533;S
20240208;102440;201.990000000;400;9563980336;S
20240208;102440;201.990000000;100;9563980337;S
20240208;102442;202.000000000;20;9563981011;B
20240208;102444;201.950000000;340;9563981801;S
20240208;102444;201.950000000;160;9563981802;S
20240208;102444;201.940000000;10;9563981910;S
20240208;102445;201.940000000;110;9563982105;S
20240208;102445;201.930000000;90;9563982106;S
20240208;102446;201.940000000;10;9563982466;B
20240208;102446;201.940000000;60;9563982513;B
20240208;102446;201.930000000;50;9563982587;S
20240208;102447;201.930000000;160;9563983004;S
20240208;102447;201.930000000;80;9563983005;S
20240208;102448;201.930000000;80;9563983067;B
20240208;102448;201.940000000;220;9563983068;B
20240208;102448;201.940000000;10;9563983099;B
20240208;102448;201.920000000;30;9563983171;S
20240208;102448;201.920000000;40;9563983174;B
20240208;102449;201.910000000;120;9563983341;S
20240208;102449;201.910000000;40;9563983342;S
20240208;102449;201.900000000;10;9563983343;S
20240208;102449;201.900000000;10;9563983344;S
20240208;102449;201.900000000;1820;9563983345;S
20240208;102450;201.900000000;90;9563983378;S
20240208;102450;201.900000000;210;9563983379;S
20240208;102450;201.880000000;80;9563983380;S
20240208;102450;201.870000000;60;9563983479;S
20240208;102450;201.870000000;100;9563984297;S
20240208;102450;201.870000000;30;9563984298;S
20240208;102450;201.860000000;10;9563984366;S
20240208;102450;201.880000000;30;9563984404;B
20240208;102451;201.860000000;30;9563984408;S
20240208;102451;201.880000000;180;9563984410;B
20240208;102451;201.860000000;310;9563984411;S
20240208;102451;201.860000000;170;9563984444;S
20240208;102451;201.860000000;50;9563984465;S
20240208;102451;201.860000000;420;9563985055;S
20240208;102451;201.850000000;10;9563985056;S
20240208;102451;201.850000000;80;9563985057;S
20240208;102451;201.850000000;80;9563985058;S
20240208;102451;201.840000000;180;9563985059;S
20240208;102451;201.830000000;10;9563985060;S
20240208;102451;201.830000000;120;9563985061;S
20240208;102451;201.820000000;30;9563985062;S
20240208;102451;201.820000000;70;9563985063;S
20240208;102451;201.830000000;60;9563985066;S
20240208;102451;201.820000000;180;9563985067;S
20240208;102451;201.810000000;50;9563985068;S
20240208;102451;201.810000000;30;9563985069;S
20240208;102452;201.810000000;30;9563985269;S
20240208;102452;201.810000000;440;9563985536;S
20240208;102452;201.800000000;10;9563985547;S
20240208;102452;201.800000000;10;9563985548;S
20240208;102452;201.800000000;10;9563985549;S
20240208;102452;201.800000000;20;9563985550;S
20240208;102452;201.760000000;10;9563985551;S
20240208;102452;201.750000000;10;9563985552;S
20240208;102452;201.750000000;10;9563985553;S
20240208;102452;201.750000000;20;9563985554;S
20240208;102452;201.810000000;10;9563985576;B
20240208;102452;201.810000000;10;9563985585;B
20240208;102452;201.800000000;20;9563985659;B
20240208;102452;201.750000000;70;9563985661;S
20240208;102452;201.750000000;150;9563985713;S
20240208;102452;201.740000000;200;9563985714;S
20240208;102452;201.730000000;50;9563985715;S
20240208;102453;201.790000000;500;9563985766;B
20240208;102453;201.730000000;230;9563985768;S
20240208;102453;201.730000000;40;9563985769;S
20240208;102453;201.780000000;50;9563985961;B
20240208;102453;201.780000000;10;9563985962;B
20240208;102453;201.780000000;30;9563985963;B
20240208;102453;201.740000000;100;9563985966;S
20240208;102453;201.730000000;180;9563985967;S
20240208;102453;201.720000000;100;9563985968;S
20240208;102453;201.720000000;990;9563985969;S
20240208;102453;201.720000000;60;9563985970;S
20240208;102453;201.710000000;500;9563985971;S
20240208;102453;201.710000000;270;9563985972;S
20240208;102454;201.790000000;10;9563986050;B
20240208;102454;201.790000000;110;9563986281;B
20240208;102455;201.790000000;10;9563986398;B
20240208;102456;201.720000000;10;9563986561;S
20240208;102456;201.720000000;20;9563986641;S
20240208;102456;201.790000000;50;9563986657;B
20240208;102456;201.790000000;80;9563986658;B
20240208;102456;201.800000000;70;9563986659;B
20240208;102458;201.780000000;300;9563987532;B
20240208;102459;201.780000000;80;9563988180;B
20240208;102459;201.800000000;230;9563988181;B
20240208;102501;201.780000000;300;9563988830;S
20240208;102501;201.770000000;100;9563988838;S
20240208;102501;201.730000000;20;9563988839;S
20240208;102501;201.720000000;130;9563988840;S
20240208;102501;201.780000000;40;9563988850;B
20240208;102503;201.790000000;30;9563989308;B
20240208;102505;201.740000000;20;9563989589;S
20240208;102506;201.750000000;30;9563989854;S
20240208;102507;201.780000000;10;9563989987;B
20240208;102507;201.780000000;50;9563989988;B
20240208;102508;201.790000000;40;9563990701;S
20240208;102508;201.780000000;40;9563990702;S
20240208;102508;201.760000000;10;9563990703;S
20240208;102508;201.750000000;10;9563990704;S
20240208;102509;201.800000000;430;9563990859;B
20240208;102509;201.800000000;150;9563990860;B
20240208;102509;201.800000000;70;9563990861;B
20240208;102509;201.810000000;340;9563990862;B
20240208;102509;201.880000000;10;9563990863;B
20240208;102510;201.900000000;60;9563991097;B
20240208;102510;201.900000000;160;9563991098;B
20240208;102510;201.910000000;30;9563991099;B
20240208;102512;201.910000000;300;9563991296;B
20240208;102514;201.900000000;40;9563992401;B
20240208;102514;201.910000000;10;9563992404;B
20240208;102514;201.920000000;20;9563992405;B
20240208;102516;201.940000000;10;9563992677;B
20240208;102516;201.960000000;10;9563992678;B
20240208;102516;201.970000000;80;9563992679;B
20240208;102516;201.970000000;80;9563992680;B
20240208;102517;201.960000000;70;9563992866;B
20240208;102517;201.960000000;100;9563992867;B
20240208;102517;201.980000000;330;9563992868;B
20240208;102518;201.980000000;10;9563992964;B
20240208;102519;201.980000000;60;9563993949;B
20240208;102519;201.990000000;840;9563993950;B
20240208;102521;201.990000000;50;9563994139;B
20240208;102521;201.990000000;580;9563994183;B
20240208;102522;201.990000000;2500;9563994243;B
20240208;102522;201.990000000;1030;9563994362;B
20240208;102522;201.990000000;70;9563994363;B
20240208;102522;202.000000000;240;9563994364;B
20240208;102522;202.000000000;10;9563994365;B
20240208;102522;202.000000000;50;9563994406;B
20240208;102523;202.000000000;50;9563994442;B
20240208;102523;202.000000000;10;9563994529;B
20240208;102524;202.000000000;10;9563994632;B
20240208;102525;202.000000000;500;9563995872;B
20240208;102526;201.990000000;10;9563995919;S
20240208;102527;201.990000000;40;9563996096;S
20240208;102527;201.990000000;50;9563996097;S
20240208;102527;201.990000000;80;9563996098;S
20240208;102527;201.990000000;20;9563996163;S
20240208;102527;201.990000000;70;9563996164;S
20240208;102528;201.990000000;20;9563996201;B
20240208;102528;202.000000000;10;9563996202;B
20240208;102528;202.000000000;30;9563996203;B
20240208;102528;202.000000000;20;9563996204;B
20240208;102528;201.980000000;50;9563996307;S
20240208;102528;201.960000000;10;9563996308;S
20240208;102528;201.930000000;10;9563996309;S
20240208;102528;201.920000000;130;9563996310;S
20240208;102529;201.900000000;40;9563996443;S
20240208;102531;201.990000000;10;9563996779;B
20240208;102531;201.990000000;10;9563996780;B
20240208;102538;201.960000000;30;9564000790;B
20240208;102538;201.960000000;20;9564000811;B
20240208;102538;201.970000000;10;9564000812;B
20240208;102538;201.990000000;10;9564000813;B
20240208;102539;201.990000000;100;9564000844;B
20240208;102539;201.990000000;70;9564000845;B
20240208;102539;201.990000000;130;9564000846;B
20240208;102539;202.000000000;2690;9564000943;B
20240208;102539;202.000000000;1200;9564000944;B
20240208;102539;202.000000000;70;9564000945;B
20240208;102540;201.900000000;60;9564000966;S
20240208;102540;201.840000000;70;9564000967;S
20240208;102540;201.840000000;100;9564000968;S
20240208;102540;201.830000000;180;9564000969;S
20240208;102540;201.830000000;80;9564000970;S
20240208;102540;201.820000000;50;9564000971;S
20240208;102543;201.950000000;100;9564001642;B
20240208;102543;201.950000000;10;9564001648;B
20240208;102543;201.860000000;50;9564001684;S
20240208;102543;201.840000000;10;9564001685;S
20240208;102543;201.830000000;10;9564001686;S
20240208;102544;201.940000000;10;9564001957;B
20240208;102548;201.840000000;10;9564003208;S
20240208;102548;201.830000000;60;9564003209;S
20240208;102548;201.820000000;40;9564003210;S
20240208;102548;201.820000000;540;9564003211;S
20240208;102548;201.810000000;180;9564003212;S
20240208;102548;201.800000000;10;9564003213;S
20240208;102548;201.800000000;50;9564003214;S
20240208;102548;201.800000000;70;9564003215;S
20240208;102548;201.800000000;400;9564003216;B
20240208;102550;201.800000000;50;9564003580;B
20240208;102550;201.800000000;10;9564003784;B
20240208;102550;201.800000000;30;9564004261;B
20240208;102550;201.800000000;50;9564004265;B
20240208;102550;201.870000000;10;9564004413;B
20240208;102550;201.900000000;10;9564004423;B
20240208;102550;201.900000000;10;9564004425;B
20240208;102558;201.880000000;10;9564006134;B
20240208;102559;201.820000000;10;9564006342;S
20240208;102601;201.820000000;10;9564007375;B
20240208;102601;201.890000000;40;9564007398;B
20240208;102601;201.890000000;10;9564007400;B
20240208;102601;201.890000000;30;9564007402;B
20240208;102604;201.880000000;10;9564007994;B
20240208;102604;201.890000000;30;9564007995;B
20240208;102607;201.890000000;20;9564009563;B
20240208;102611;201.870000000;100;9564011371;S
20240208;102611;201.860000000;40;9564011401;S
20240208;102611;201.870000000;200;9564012163;B
20240208;102612;201.870000000;110;9564012305;B
20240208;102612;201.870000000;40;9564012367;B
20240208;102612;201.870000000;50;9564012387;B
20240208;102615;201.890000000;20;9564012872;B
20240208;102615;201.930000000;20;9564012876;B
20240208;102615;201.930000000;20;9564012877;B
20240208;102616;201.920000000;10;9564013257;B
20240208;102616;201.920000000;80;9564013368;B
20240208;102621;201.890000000;20;9564014690;S
20240208;102621;201.880000000;10;9564014691;S
20240208;102621;201.860000000;60;9564014692;S
20240208;102621;201.850000000;170;9564014693;S
20240208;102621;201.840000000;30;9564014694;S
20240208;102624;201.900000000;10;9564016152;B
20240208;102624;201.840000000;70;9564016153;S
20240208;102625;201.840000000;10;9564016203;B
20240208;102625;201.840000000;140;9564016212;B
20240208;102625;201.840000000;130;9564016370;B
20240208;102626;201.830000000;50;9564016509;B
20240208;102627;201.840000000;30;9564016581;B
20240208;102627;201.840000000;10;9564016582;B
20240208;102627;201.840000000;20;9564016583;B
20240208;102628;201.810000000;50;9564016952;B
20240208;102628;201.810000000;50;9564016988;B
20240208;102628;201.810000000;20;9564017085;B
20240208;102629;201.810000000;10;9564017153;B
20240208;102629;201.810000000;70;9564017172;B
20240208;102629;201.810000000;20;9564017173;B
20240208;102630;201.810000000;60;9564017830;B
20240208;102630;201.800000000;10;9564017938;S
20240208;102630;201.800000000;50;9564017939;S
20240208;102631;201.810000000;60;9564018022;B
20240208;102631;201.810000000;20;9564018044;B
20240208;102631;201.810000000;10;9564018068;B
20240208;102632;201.810000000;40;9564018538;B
20240208;102632;201.810000000;10;9564018539;B
20240208;102632;201.810000000;30;9564018549;B
20240208;102633;201.810000000;10;9564018944;B
20240208;102635;201.810000000;10;9564019397;B
20240208;102637;201.830000000;10;9564019799;B
20240208;102637;201.830000000;10;9564019827;B
20240208;102637;201.840000000;20;9564019828;B
20240208;102637;201.840000000;30;9564019829;B
20240208;102641;201.820000000;20;9564020787;B
20240208;102642;201.820000000;250;9564020991;B
20240208;102643;201.820000000;10;9564020999;B
20240208;102643;201.820000000;40;9564021023;B
20240208;102643;201.820000000;100;9564021034;B
20240208;102647;201.840000000;10;9564022010;B
20240208;102648;201.840000000;60;9564022139;B
20240208;102648;201.840000000;30;9564022243;B
20240208;102648;201.840000000;10;9564022244;B
20240208;102648;201.840000000;20;9564022245;B
20240208;102651;201.840000000;10;9564022707;B
20240208;102653;201.830000000;10;9564022904;B
20240208;102653;201.840000000;190;9564022905;B
20240208;102654;201.840000000;20;9564023038;B
20240208;102654;201.840000000;300;9564023042;B
20240208;102654;201.820000000;70;9564023052;S
20240208;102654;201.820000000;20;9564023053;S
20240208;102654;201.820000000;90;9564023131;S
20240208;102654;201.820000000;90;9564023190;S
20240208;102655;201.820000000;10;9564023234;S
20240208;102655;201.810000000;80;9564023235;S
20240208;102655;201.810000000;20;9564023276;S
20240208;102655;201.810000000;70;9564023277;S
20240208;102655;201.810000000;30;9564023309;S
20240208;102655;201.800000000;30;9564023310;S
20240208;102655;201.800000000;10;9564023311;S
20240208;102655;201.800000000;20;9564023312;S
20240208;102655;201.800000000;90;9564023348;S
20240208;102659;201.840000000;90;9564023846;B
20240208;102659;201.840000000;30;9564023872;B
20240208;102659;201.840000000;20;9564023874;B
20240208;102659;201.840000000;10;9564023877;B
20240208;102700;201.840000000;10;9564023935;B
20240208;102702;201.840000000;70;9564024218;B
20240208;102703;201.810000000;40;9564024316;S
20240208;102705;201.840000000;10;9564024688;B
20240208;102706;201.840000000;20;9564024853;B
20240208;102708;201.840000000;870;9564025330;B
20240208;102708;201.860000000;70;9564025331;B
20240208;102708;201.880000000;60;9564025332;B
20240208;102711;201.880000000;20;9564025759;B
20240208;102711;201.880000000;20;9564025765;B
20240208;102713;201.940000000;10;9564026256;B
20240208;102713;201.940000000;10;9564026257;B
20240208;102714;201.960000000;10;9564026419;B
20240208;102715;201.950000000;60;9564026634;B
20240208;102717;201.860000000;100;9564026990;S
20240208;102720;201.940000000;20;9564027452;B
20240208;102723;201.940000000;30;9564028089;B
20240208;102723;201.950000000;30;9564028090;B
20240208;102723;201.950000000;20;9564028232;B
20240208;102723;201.960000000;20;9564028233;B
20240208;102724;201.950000000;10;9564028239;B
20240208;102724;201.950000000;10;9564028240;B
20240208;102724;201.950000000;20;9564028241;B
20240208;102724;201.860000000;10;9564028292;S
20240208;102724;201.860000000;170;9564028329;S
20240208;102724;201.850000000;50;9564028330;S
20240208;102724;201.840000000;70;9564028331;S
20240208;102724;201.830000000;30;9564028332;S
20240208;102724;201.830000000;160;9564028333;S
20240208;102724;201.810000000;20;9564028334;S
20240208;102725;201.950000000;10;9564028406;B
20240208;102735;201.940000000;10;9564030132;B
20240208;102735;201.950000000;20;9564030133;B
20240208;102735;201.950000000;20;9564030136;B
20240208;102735;201.950000000;10;9564030139;B
20240208;102735;201.950000000;10;9564030140;B
20240208;102744;201.860000000;10;9564031515;S
20240208;102744;201.830000000;50;9564031516;S
20240208;102744;201.830000000;40;9564031517;S
20240208;102747;201.890000000;20;9564032043;B
20240208;102747;201.890000000;20;9564032044;B
20240208;102747;201.890000000;10;9564032045;B
20240208;102747;201.890000000;10;9564032046;B
20240208;102748;201.890000000;30;9564032091;B
20240208;102748;201.890000000;60;9564032196;B
20240208;102748;201.900000000;60;9564032197;B
20240208;102748;201.910000000;100;9564032198;B
20240208;102748;201.940000000;170;9564032199;B
20240208;102750;201.960000000;20;9564032342;B
20240208;102750;201.960000000;10;9564032343;B
20240208;102751;201.980000000;30;9564032467;B
20240208;102752;201.990000000;10;9564032708;B
20240208;102753;202.000000000;70;9564032867;B
20240208;102754;202.000000000;10;9564032923;B
