<DATE>;<TIME>;<LAST>;<VOL>;<ID>;<OPER>
20240202;095943;205.060000000;10;9505768297;B
20240202;095943;205.060000000;10;9505768298;S
20240202;095943;205.060000000;60;9505768299;S
20240202;095943;205.060000000;30;9505768300;S
20240202;095943;205.060000000;20;9505768301;S
20240202;095943;205.060000000;10;9505768302;S
20240202;095943;205.060000000;70;9505768303;S
20240202;095943;205.060000000;50;9505768304;S
20240202;095943;205.060000000;10;9505768305;S
20240202;095943;205.060000000;10;9505768306;B
20240202;095943;205.060000000;10;9505768307;S
20240202;095943;205.060000000;100;9505768308;S
20240202;095943;205.060000000;50;9505768309;S
20240202;095943;205.060000000;30;9505768310;S
20240202;095943;205.060000000;30;9505768311;S
20240202;095943;205.060000000;10;9505768312;S
20240202;095943;205.060000000;100;9505768313;S
20240202;095943;205.060000000;60;9505768314;S
20240202;095943;205.060000000;10;9505768315;S
20240202;095943;205.060000000;10;9505768316;B
20240202;095943;205.060000000;30;9505768317;S
20240202;095943;205.060000000;50;9505768318;S
20240202;095943;205.060000000;40;9505768319;S
20240202;095943;205.060000000;30;9505768320;S
20240202;095943;205.060000000;150;9505768321;S
20240202;095943;205.060000000;10;9505768322;B
20240202;095943;205.060000000;190;9505768323;B
20240202;095943;205.060000000;10;9505768324;B
20240202;095943;205.060000000;20;9505768325;B
20240202;095943;205.060000000;10;9505768326;B
20240202;095943;205.060000000;10;9505768327;B
20240202;095943;205.060000000;60;9505768328;B
20240202;095943;205.060000000;40;9505768329;B
20240202;095943;205.060000000;10;9505768330;B
20240202;095943;205.060000000;10;9505768331;B
20240202;095943;205.060000000;1400;9505768332;B
20240202;095943;205.060000000;10;9505768333;B
20240202;095943;205.060000000;10;9505768334;S
20240202;095943;205.060000000;560;9505768335;S
20240202;095943;205.060000000;50;9505768336;S
20240202;095943;205.060000000;50;9505768337;S
20240202;095943;205.060000000;50;9505768338;B
20240202;095943;205.060000000;1000;9505768339;S
20240202;095943;205.060000000;10;9505768340;S
20240202;095943;205.060000000;500;9505768341;S
20240202;095943;205.060000000;10;9505768342;S
20240202;095943;205.060000000;90;9505768343;S
20240202;095943;205.060000000;10;9505768344;S
20240202;095943;205.060000000;50;9505768345;S
20240202;095943;205.060000000;200;9505768346;S
20240202;095943;205.060000000;500;9505768347;S
20240202;095943;205.060000000;320;9505768348;S
20240202;095943;205.060000000;10;9505768349;B
20240202;095943;205.060000000;20;9505768350;B
20240202;100000;205.070000000;10;9505772821;B
20240202;100000;205.070000000;290;9505772822;B
20240202;100000;205.070000000;200;9505772844;B
20240202;100000;205.070000000;140;9505772918;B
20240202;100000;205.090000000;10;9505772947;B
20240202;100000;205.090000000;10;9505772948;B
20240202;100000;205.090000000;10;9505772949;B
20240202;100000;205.060000000;10;9505773026;S
20240202;100000;205.060000000;140;9505773460;S
20240202;100000;205.060000000;20;9505773461;S
20240202;100000;205.060000000;10;9505773462;S
20240202;100000;205.060000000;30;9505773463;S
20240202;100000;205.050000000;10;9505773464;S
20240202;100000;205.050000000;90;9505773526;B
20240202;100000;205.050000000;410;9505773527;B
20240202;100000;205.050000000;560;9505773545;B
20240202;100001;205.080000000;10;9505773970;B
20240202;100001;205.080000000;500;9505774001;B
20240202;100001;205.040000000;10;9505774120;S
20240202;100001;205.050000000;130;9505774374;B
20240202;100001;205.080000000;50;9505774491;B
20240202;100001;205.040000000;50;9505774614;S
20240202;100001;205.040000000;110;9505774661;S
20240202;100001;205.080000000;150;9505774898;B
20240202;100002;205.080000000;100;9505775070;B
20240202;100002;205.080000000;60;9505775263;B
20240202;100002;205.080000000;60;9505775268;B
20240202;100002;205.080000000;60;9505775271;B
20240202;100002;205.080000000;30;9505775375;B
20240202;100002;205.060000000;140;9505775400;S
20240202;100002;205.050000000;40;9505775401;S
20240202;100002;205.080000000;100;9505775402;B
20240202;100002;205.080000000;360;9505775475;B
20240202;100002;205.090000000;10;9505775476;B
20240202;100002;205.090000000;10;9505775477;B
20240202;100002;205.100000000;100;9505775586;B
20240202;100002;205.100000000;10;9505775587;B
20240202;100002;205.100000000;50;9505775588;B
20240202;100002;205.100000000;50;9505775589;B
20240202;100002;205.110000000;20;9505775593;B
20240202;100003;205.110000000;500;9505775693;B
20240202;100003;205.100000000;160;9505775762;B
20240202;100003;205.100000000;110;9505775763;B
20240202;100003;205.110000000;140;9505775852;B
20240202;100004;205.090000000;970;9505776462;B
20240202;100004;205.100000000;30;9505776463;B
20240202;100004;205.070000000;230;9505776522;B
20240202;100004;205.060000000;500;9505776523;S
20240202;100004;205.090000000;970;9505776524;B
20240202;100004;205.090000000;500;9505776526;B
20240202;100004;205.100000000;50;9505776551;B
20240202;100004;205.100000000;410;9505776821;B
20240202;100005;205.120000000;10;9505776945;B
20240202;100005;205.100000000;10;9505777406;S
20240202;100005;205.140000000;10;9505777717;B
20240202;100005;205.140000000;10;9505777718;B
20240202;100005;205.150000000;10;9505777719;B
20240202;100005;205.150000000;40;9505777720;B
20240202;100005;205.150000000;50;9505777888;B
20240202;100005;205.180000000;40;9505778158;B
20240202;100005;205.180000000;400;9505778212;B
20240202;100005;205.110000000;10;9505778322;S
20240202;100005;205.090000000;30;9505778323;S
20240202;100005;205.180000000;20;9505778451;B
20240202;100006;205.100000000;10;9505778881;S
20240202;100006;205.180000000;10;9505778928;B
20240202;100006;205.100000000;110;9505779241;S
20240202;100006;205.170000000;110;9505779274;B
20240202;100006;205.170000000;390;9505779275;B
20240202;100007;205.100000000;10;9505779639;S
20240202;100007;205.100000000;10;9505779747;S
20240202;100007;205.180000000;10;9505779912;B
20240202;100007;205.180000000;50;9505780111;B
20240202;100008;205.160000000;150;9505780612;S
20240202;100008;205.150000000;50;9505780613;S
20240202;100008;205.120000000;10;9505780614;S
20240202;100008;205.120000000;500;9505780615;S
20240202;100008;205.090000000;1470;9505780616;S
20240202;100008;205.080000000;500;9505780617;S
20240202;100008;205.060000000;880;9505780618;S
20240202;100008;205.060000000;10;9505780619;S
20240202;100008;205.050000000;1500;9505780620;S
20240202;100008;205.040000000;40;9505780621;S
20240202;100008;205.030000000;90;9505780622;S
20240202;100008;205.180000000;20;9505780755;B
20240202;100009;205.180000000;950;9505781082;B
20240202;100009;205.190000000;10;9505781083;B
20240202;100009;205.190000000;40;9505781084;B
20240202;100010;205.040000000;100;9505781450;B
20240202;100010;205.040000000;100;9505781451;B
20240202;100010;205.040000000;400;9505781452;B
20240202;100010;205.130000000;100;9505781453;B
20240202;100010;205.130000000;40;9505781567;B
20240202;100010;205.130000000;40;9505781727;B
20240202;100011;205.030000000;30;9505782182;S
20240202;100011;205.130000000;10;9505782184;B
20240202;100011;205.130000000;200;9505782249;B
20240202;100012;205.050000000;120;9505782348;B
20240202;100012;205.050000000;150;9505782506;B
20240202;100013;205.040000000;10;9505782589;S
20240202;100013;205.140000000;100;9505782801;S
20240202;100017;205.130000000;30;9505783922;B
20240202;100018;205.030000000;1440;9505784446;S
20240202;100018;205.030000000;50;9505784447;S
20240202;100018;205.020000000;10;9505784448;S
20240202;100019;205.130000000;100;9505784503;S
20240202;100019;205.130000000;100;9505784504;S
20240202;100019;205.130000000;100;9505784505;S
20240202;100019;205.130000000;700;9505784507;S
20240202;100022;205.040000000;60;9505787834;S
20240202;100022;205.030000000;100;9505787835;S
20240202;100022;205.030000000;1470;9505787836;S
20240202;100022;205.020000000;10;9505787837;S
20240202;100022;205.020000000;250;9505787838;S
20240202;100022;205.100000000;100;9505788102;S
20240202;100026;205.090000000;100;9505790308;B
20240202;100027;205.040000000;130;9505791288;B
20240202;100027;205.030000000;70;9505791456;S
20240202;100027;205.030000000;30;9505791457;S
20240202;100028;205.080000000;10;9505791741;B
20240202;100028;205.040000000;100;9505791882;B
20240202;100029;205.030000000;10;9505792248;S
20240202;100030;205.040000000;90;9505792409;B
20240202;100030;205.100000000;70;9505792410;B
20240202;100030;205.110000000;30;9505792411;B
20240202;100032;205.040000000;10;9505793180;S
20240202;100032;205.030000000;200;9505793343;S
20240202;100036;205.150000000;80;9505794644;B
20240202;100036;205.150000000;70;9505794645;B
20240202;100037;205.140000000;100;9505794899;S
20240202;100037;205.040000000;70;9505794901;S
20240202;100037;205.040000000;30;9505794902;B
20240202;100037;205.140000000;500;9505794903;B
20240202;100037;205.140000000;1000;9505794904;B
20240202;100039;205.040000000;70;9505795559;S
20240202;100039;205.040000000;20;9505795561;B
20240202;100039;205.160000000;30;9505795562;B
20240202;100039;205.160000000;470;9505795563;S
20240202;100039;205.160000000;1000;9505795564;B
20240202;100039;205.170000000;70;9505795565;B
20240202;100039;205.180000000;690;9505795566;B
20240202;100039;205.180000000;240;9505795567;B
20240202;100039;205.170000000;10;9505795792;B
20240202;100040;205.140000000;210;9505795950;S
20240202;100045;205.170000000;60;9505797518;B
20240202;100047;205.150000000;30;9505798028;B
20240202;100048;205.150000000;140;9505798317;B
20240202;100048;205.140000000;80;9505798511;S
20240202;100048;205.150000000;30;9505798551;B
20240202;100049;205.150000000;50;9505798686;B
20240202;100050;205.170000000;80;9505799008;B
20240202;100050;205.170000000;120;9505799016;B
20240202;100050;205.170000000;10;9505799057;B
20240202;100050;205.180000000;3110;9505799063;B
20240202;100050;205.200000000;200;9505799064;B
20240202;100050;205.200000000;30;9505799065;B
20240202;100050;205.200000000;70;9505799066;B
20240202;100050;205.210000000;10;9505799067;B
20240202;100050;205.220000000;10;9505799068;B
20240202;100050;205.220000000;10;9505799069;B
20240202;100050;205.240000000;10;9505799070;B
20240202;100050;205.250000000;10;9505799071;B
20240202;100050;205.270000000;30;9505799072;B
20240202;100050;205.290000000;10;9505799073;B
20240202;100050;205.290000000;250;9505799074;B
20240202;100050;205.300000000;50;9505799075;B
20240202;100050;205.300000000;500;9505799076;B
20240202;100050;205.310000000;900;9505799077;B
20240202;100050;205.170000000;1000;9505799078;S
20240202;100050;205.180000000;70;9505799079;S
20240202;100050;205.170000000;30;9505799080;S
20240202;100051;205.320000000;10;9505799253;B
20240202;100051;205.330000000;40;9505799254;B
20240202;100051;205.330000000;400;9505799275;B
20240202;100051;205.330000000;400;9505799294;B
20240202;100051;205.210000000;10;9505799366;S
20240202;100051;205.180000000;90;9505799367;S
20240202;100052;205.190000000;90;9505799392;B
20240202;100052;205.340000000;10;9505799490;B
20240202;100052;205.350000000;10;9505799491;B
20240202;100052;205.350000000;10;9505799492;B
20240202;100052;205.360000000;10;9505799493;B
20240202;100052;205.370000000;40;9505799494;B
20240202;100052;205.370000000;20;9505799495;B
20240202;100052;205.210000000;100;9505799545;S
20240202;100053;205.360000000;80;9505799700;B
20240202;100053;205.360000000;80;9505799701;B
20240202;100053;205.370000000;20;9505799702;B
20240202;100053;205.370000000;90;9505799703;B
20240202;100053;205.380000000;10;9505799704;B
20240202;100053;205.380000000;220;9505799705;B
20240202;100053;205.280000000;230;9505799919;B
20240202;100054;205.390000000;10;9505800104;B
20240202;100054;205.390000000;10;9505800105;B
20240202;100054;205.390000000;20;9505800106;B
20240202;100054;205.390000000;250;9505800107;B
20240202;100054;205.390000000;210;9505800108;B
20240202;100054;205.390000000;400;9505800217;B
20240202;100055;205.390000000;3400;9505800336;B
20240202;100059;205.300000000;300;9505801378;B
20240202;100059;205.390000000;50;9505801394;B
20240202;100059;205.290000000;10;9505801400;S
20240202;100102;205.390000000;970;9505802091;B
20240202;100102;205.390000000;10;9505802092;B
20240202;100102;205.390000000;200;9505802093;B
20240202;100102;205.390000000;80;9505802094;B
20240202;100102;205.390000000;1000;9505802095;S
20240202;100102;205.390000000;100;9505802096;S
20240202;100102;205.390000000;100;9505802097;S
20240202;100102;205.400000000;110;9505802217;B
20240202;100102;205.440000000;10;9505802218;B
20240202;100102;205.440000000;150;9505802219;B
20240202;100103;205.400000000;40;9505802231;S
20240202;100103;205.440000000;300;9505802399;B
20240202;100103;205.440000000;500;9505802400;B
20240202;100104;205.400000000;50;9505802625;S
20240202;100105;205.440000000;100;9505802790;B
20240202;100109;205.420000000;10;9505803700;S
20240202;100109;205.420000000;90;9505803701;S
20240202;100111;205.400000000;80;9505804211;S
20240202;100111;205.390000000;20;9505804249;S
20240202;100111;205.390000000;60;9505804314;S
20240202;100113;205.350000000;290;9505804617;B
20240202;100113;205.430000000;970;9505804618;B
20240202;100113;205.440000000;1740;9505804619;B
20240202;100113;205.440000000;80;9505804620;B
20240202;100113;205.450000000;10;9505804621;B
20240202;100113;205.450000000;30;9505804622;B
20240202;100113;205.450000000;500;9505804623;B
20240202;100113;205.450000000;390;9505804624;B
20240202;100113;205.460000000;1140;9505804625;B
20240202;100113;205.450000000;270;9505804627;B
20240202;100113;205.450000000;30;9505804641;B
20240202;100114;205.450000000;30;9505804668;B
20240202;100114;205.450000000;30;9505804669;B
20240202;100114;205.450000000;30;9505804671;B
20240202;100114;205.450000000;30;9505804672;B
20240202;100114;205.450000000;20;9505804676;B
20240202;100114;205.450000000;30;9505804686;B
20240202;100114;205.340000000;100;9505804690;S
20240202;100114;205.450000000;240;9505804702;B
20240202;100115;205.350000000;10;9505804835;B
20240202;100115;205.350000000;140;9505804971;B
20240202;100115;205.440000000;1000;9505804972;S
20240202;100115;205.440000000;400;9505804974;S
20240202;100116;205.440000000;100;9505804975;S
20240202;100116;205.440000000;500;9505804976;S
20240202;100116;205.440000000;1000;9505804980;S
20240202;100116;205.440000000;1000;9505804981;S
20240202;100116;205.440000000;200;9505804982;S
20240202;100116;205.440000000;800;9505804996;S
20240202;100116;205.440000000;1000;9505804997;S
20240202;100116;205.450000000;90;9505805057;B
20240202;100116;205.450000000;410;9505805058;B
20240202;100118;205.440000000;10;9505805589;S
20240202;100125;205.350000000;60;9505806974;B
20240202;100125;205.350000000;70;9505807002;B
20240202;100127;205.350000000;60;9505807296;B
20240202;100128;205.350000000;10;9505807476;B
20240202;100128;205.340000000;300;9505807515;S
20240202;100128;205.410000000;50;9505807565;B
20240202;100131;205.350000000;410;9505808379;B
20240202;100131;205.390000000;10;9505808380;B
20240202;100131;205.410000000;580;9505808381;B
20240202;100132;205.410000000;30;9505808419;B
20240202;100135;205.410000000;500;9505809031;B
20240202;100135;205.400000000;10;9505809094;S
20240202;100136;205.410000000;150;9505809259;B
20240202;100137;205.410000000;10;9505809472;B
20240202;100137;205.400000000;100;9505809491;S
20240202;100140;205.400000000;250;9505810083;S
20240202;100142;205.400000000;100;9505810355;S
20240202;100142;205.400000000;490;9505810444;S
20240202;100144;205.410000000;120;9505810753;B
20240202;100144;205.410000000;20;9505810866;B
20240202;100145;205.400000000;50;9505811004;S
20240202;100145;205.400000000;350;9505811005;S
20240202;100146;205.410000000;10;9505811121;B
20240202;100147;205.400000000;10;9505811326;S
20240202;100148;205.410000000;10;9505811547;B
20240202;100148;205.400000000;640;9505811586;S
20240202;100148;205.400000000;10;9505811587;S
20240202;100148;205.400000000;1000;9505811588;S
20240202;100148;205.400000000;850;9505811589;S
20240202;100148;205.400000000;150;9505811634;S
20240202;100150;205.390000000;10;9505812000;B
20240202;100150;205.380000000;400;9505812140;S
20240202;100151;205.350000000;100;9505812213;S
20240202;100151;205.350000000;100;9505812322;S
20240202;100152;205.350000000;30;9505812351;S
20240202;100152;205.350000000;30;9505812352;S
20240202;100152;205.340000000;470;9505812353;S
20240202;100152;205.340000000;300;9505812354;S
20240202;100152;205.340000000;300;9505812355;S
20240202;100152;205.340000000;30;9505812468;S
20240202;100152;205.240000000;80;9505812469;S
20240202;100153;205.160000000;20;9505812540;S
20240202;100154;205.140000000;10;9505812702;S
20240202;100154;205.130000000;620;9505812703;S
20240202;100154;205.130000000;300;9505812704;S
20240202;100155;205.130000000;650;9505812856;S
20240202;100155;205.130000000;1000;9505812857;S
20240202;100155;205.140000000;130;9505812858;S
20240202;100155;205.130000000;870;9505812859;S
20240202;100155;205.130000000;1000;9505812861;S
20240202;100155;205.130000000;560;9505812862;S
20240202;100155;205.100000000;30;9505812930;S
20240202;100155;205.110000000;470;9505813031;S
20240202;100156;205.110000000;500;9505813064;S
20240202;100157;205.100000000;120;9505813205;S
20240202;100157;205.100000000;380;9505813206;S
20240202;100157;205.100000000;100;9505813207;S
20240202;100157;205.100000000;300;9505813208;S
20240202;100157;205.100000000;200;9505813209;S
20240202;100157;205.100000000;140;9505813210;S
20240202;100157;205.100000000;300;9505813211;S
20240202;100157;205.100000000;80;9505813212;S
20240202;100157;205.100000000;320;9505813213;S
20240202;100157;205.110000000;510;9505813221;B
20240202;100157;205.180000000;90;9505813222;B
20240202;100157;205.040000000;50;9505813418;S
20240202;100158;205.050000000;10;9505813613;S
20240202;100203;205.110000000;10;9505814602;S
20240202;100205;205.050000000;60;9505815127;S
20240202;100205;205.040000000;180;9505815128;S
20240202;100205;205.030000000;50;9505815129;S
20240202;100209;205.030000000;30;9505815855;S
20240202;100209;205.020000000;20;9505815856;S
20240202;100210;205.030000000;20;9505815920;S
20240202;100210;205.020000000;250;9505815921;S
20240202;100213;205.020000000;500;9505816556;S
20240202;100213;205.030000000;100;9505816557;B
20240202;100213;205.030000000;400;9505816558;B
20240202;100217;205.030000000;310;9505817554;B
20240202;100218;205.020000000;30;9505818012;S
20240202;100223;205.030000000;20;9505819109;B
20240202;100225;205.020000000;50;9505819496;S
20240202;100226;205.020000000;20;9505819649;S
20240202;100228;205.020000000;50;9505820096;S
20240202;100229;205.020000000;20;9505820384;S
20240202;100230;205.030000000;40;9505820427;B
20240202;100231;205.020000000;10;9505820794;S
20240202;100231;205.030000000;160;9505820814;B
20240202;100232;205.020000000;1270;9505821034;S
20240202;100234;205.020000000;30;9505821544;S
20240202;100234;205.020000000;50;9505821545;S
20240202;100234;205.010000000;20;9505821546;S
20240202;100235;205.010000000;80;9505821805;S
20240202;100235;205.010000000;250;9505821806;S
20240202;100235;205.000000000;100;9505821807;S
20240202;100235;205.000000000;180;9505821808;S
20240202;100235;205.000000000;120;9505821809;S
20240202;100235;205.000000000;30;9505821810;S
20240202;100235;205.000000000;30;9505821811;S
20240202;100235;205.000000000;1000;9505821812;S
20240202;100235;205.000000000;400;9505821813;S
20240202;100235;205.000000000;250;9505821814;S
20240202;100235;205.000000000;10;9505821815;S
20240202;100235;205.000000000;10;9505821816;S
20240202;100235;205.000000000;150;9505821817;S
20240202;100235;205.000000000;120;9505821818;S
20240202;100235;205.000000000;10;9505821819;S
20240202;100235;205.000000000;20;9505821820;S
20240202;100235;205.000000000;50;9505821821;S
20240202;100235;205.000000000;10;9505821822;S
20240202;100235;205.000000000;10;9505821823;S
20240202;100235;204.990000000;970;9505821824;S
20240202;100235;204.950000000;10;9505821826;S
20240202;100235;204.980000000;320;9505821859;B
20240202;100235;205.020000000;80;9505821860;B
20240202;100235;205.020000000;1000;9505821939;B
20240202;100239;205.020000000;20;9505822783;B
20240202;100244;205.020000000;10;9505823973;B
20240202;100245;205.020000000;50;9505824260;B
20240202;100245;205.010000000;750;9505824307;S
20240202;100246;205.020000000;290;9505824487;B
20240202;100246;205.020000000;10;9505824488;B
20240202;100246;205.020000000;120;9505824489;B
20240202;100246;205.020000000;80;9505824490;B
20240202;100246;205.010000000;30;9505824607;S
20240202;100249;205.020000000;10;9505825215;B
20240202;100251;205.030000000;230;9505825593;B
20240202;100252;205.020000000;100;9505825923;S
20240202;100254;205.020000000;10;9505826224;S
20240202;100254;205.020000000;80;9505826358;S
20240202;100254;205.010000000;220;9505826359;S
20240202;100254;205.010000000;10;9505826360;S
20240202;100259;205.010000000;50;9505827244;B
20240202;100307;205.010000000;40;9505828904;B
20240202;100310;205.000000000;10;9505829410;B
20240202;100310;205.010000000;40;9505829411;B
20240202;100310;205.020000000;10;9505829412;B
20240202;100310;205.020000000;10;9505829413;B
20240202;100310;205.020000000;10;9505829414;B
20240202;100310;205.030000000;420;9505829415;B
20240202;100320;205.000000000;20;9505831605;B
20240202;100320;205.030000000;480;9505831606;B
20240202;100322;204.960000000;10;9505831948;S
20240202;100322;204.950000000;250;9505831949;S
20240202;100324;204.960000000;10;9505832380;S
20240202;100327;204.960000000;10;9505833049;B
20240202;100327;204.960000000;70;9505833116;B
20240202;100333;204.960000000;10;9505834359;B
20240202;100333;205.010000000;90;9505834361;B
20240202;100335;204.950000000;10;9505834719;S
20240202;100342;204.950000000;10;9505836709;S
20240202;100343;204.960000000;100;9505836814;B
20240202;100343;204.950000000;310;9505837024;S
20240202;100346;204.950000000;500;9505837596;S
20240202;100347;204.950000000;120;9505837788;S
20240202;100347;204.950000000;100;9505837789;S
20240202;100347;204.950000000;280;9505837790;S
20240202;100348;204.950000000;20;9505837967;S
20240202;100348;204.930000000;30;9505837968;S
20240202;100349;204.920000000;10;9505838130;S
20240202;100349;204.900000000;10;9505838131;S
20240202;100350;204.830000000;210;9505838436;B
20240202;100354;204.820000000;310;9505839241;S
20240202;100356;204.880000000;80;9505839726;B
20240202;100356;204.880000000;10;9505839727;B
20240202;100356;204.880000000;10;9505839728;S
20240202;100356;204.880000000;100;9505839741;S
20240202;100356;204.890000000;100;9505839768;B
20240202;100400;204.890000000;70;9505840725;B
20240202;100408;204.890000000;10;9505842626;B
20240202;100408;204.900000000;70;9505842627;B
20240202;100408;204.900000000;420;9505842628;B
20240202;100418;204.840000000;20;9505844788;B
20240202;100418;204.840000000;150;9505844908;B
20240202;100418;204.840000000;60;9505844909;B
20240202;100418;204.840000000;10;9505844910;B
20240202;100418;204.900000000;500;9505844911;B
20240202;100429;204.900000000;30;9505847138;S
20240202;100431;204.950000000;10;9505847697;B
20240202;100431;204.950000000;50;9505847698;B
20240202;100431;204.960000000;440;9505847699;B
20240202;100434;204.900000000;50;9505848133;S
20240202;100434;204.890000000;20;9505848134;S
20240202;100439;204.830000000;10;9505849135;S
20240202;100439;204.830000000;40;9505849136;S
20240202;100440;204.840000000;110;9505849291;S
20240202;100446;204.850000000;30;9505850265;B
20240202;100450;204.850000000;30;9505851075;B
20240202;100451;204.840000000;860;9505851151;S
20240202;100451;204.840000000;50;9505851152;S
20240202;100451;204.820000000;50;9505851153;S
20240202;100451;204.810000000;100;9505851154;S
20240202;100451;204.810000000;10;9505851155;S
20240202;100451;204.800000000;180;9505851156;S
20240202;100451;204.730000000;500;9505851157;S
20240202;100451;204.720000000;10;9505851158;S
20240202;100451;204.670000000;1470;9505851159;S
20240202;100451;204.660000000;1770;9505851160;S
20240202;100451;204.680000000;10;9505851161;S
20240202;100451;204.770000000;70;9505851268;B
20240202;100451;204.820000000;30;9505851269;S
20240202;100453;204.760000000;10;9505851550;B
20240202;100455;204.750000000;50;9505851850;S
20240202;100455;204.750000000;220;9505851851;S
20240202;100456;204.760000000;40;9505851961;B
20240202;100456;204.760000000;10;9505851962;B
20240202;100456;204.810000000;50;9505851963;B
20240202;100456;204.820000000;150;9505851964;B
20240202;100456;204.850000000;500;9505851965;B
20240202;100456;204.880000000;10;9505851966;B
20240202;100456;204.720000000;10;9505852013;B
20240202;100456;204.780000000;70;9505852014;B
20240202;100456;204.780000000;30;9505852015;S
20240202;100456;204.780000000;30;9505852016;S
20240202;100456;204.780000000;170;9505852017;S
20240202;100458;204.790000000;10;9505852253;B
20240202;100458;204.840000000;40;9505852254;B
20240202;100505;204.730000000;10;9505853792;S
20240202;100505;204.710000000;40;9505853793;S
20240202;100505;204.710000000;80;9505853794;S
20240202;100506;204.780000000;10;9505853914;B
20240202;100507;204.840000000;20;9505854218;B
20240202;100511;204.840000000;10;9505854976;B
20240202;100521;204.770000000;40;9505856753;S
20240202;100521;204.770000000;150;9505856754;S
20240202;100521;204.830000000;10;9505856818;B
20240202;100521;204.830000000;10;9505856836;B
20240202;100521;204.830000000;40;9505856837;B
20240202;100521;204.840000000;70;9505856838;B
20240202;100521;204.840000000;80;9505856839;B
20240202;100521;204.840000000;10;9505856869;B
20240202;100522;204.840000000;10;9505857020;S
20240202;100522;204.840000000;10;9505857029;S
20240202;100522;204.840000000;110;9505857083;S
20240202;100522;204.830000000;10;9505857084;S
20240202;100522;204.830000000;30;9505857085;S
20240202;100526;204.820000000;60;9505857782;S
20240202;100526;204.810000000;60;9505857783;S
20240202;100533;204.770000000;310;9505858931;S
20240202;100534;204.750000000;50;9505859067;S
20240202;100534;204.750000000;30;9505859184;S
20240202;100536;204.760000000;60;9505859324;B
20240202;100536;204.750000000;10;9505859435;S
20240202;100536;204.750000000;880;9505859436;S
20240202;100537;204.740000000;100;9505859513;S
20240202;100539;204.690000000;50;9505859855;S
20240202;100539;204.690000000;20;9505859884;S
20240202;100542;204.690000000;10;9505860521;S
20240202;100546;204.690000000;100;9505861373;S
20240202;100548;204.690000000;40;9505861868;B
20240202;100549;204.690000000;240;9505862017;B
20240202;100549;204.690000000;180;9505862076;B
20240202;100549;204.700000000;10;9505862077;B
20240202;100549;204.700000000;10;9505862078;B
20240202;100549;204.690000000;10;9505862116;S
20240202;100549;204.700000000;30;9505862162;B
20240202;100550;204.700000000;970;9505862308;S
20240202;100550;204.690000000;30;9505862309;S
20240202;100550;204.660000000;340;9505862310;S
20240202;100550;204.650000000;180;9505862311;S
20240202;100550;204.620000000;160;9505862312;S
20240202;100550;204.610000000;10;9505862313;S
20240202;100550;204.610000000;500;9505862314;S
20240202;100550;204.600000000;20;9505862315;S
20240202;100550;204.600000000;10;9505862316;S
20240202;100550;204.590000000;10;9505862317;S
20240202;100550;204.580000000;10;9505862318;S
20240202;100550;204.540000000;10;9505862319;S
20240202;100550;204.530000000;1760;9505862320;S
20240202;100550;204.530000000;1760;9505862321;S
20240202;100550;204.530000000;100;9505862322;S
20240202;100550;204.540000000;970;9505862324;S
20240202;100550;204.540000000;30;9505862325;S
20240202;100550;204.560000000;10;9505862326;B
20240202;100550;204.610000000;180;9505862328;B
20240202;100550;204.650000000;500;9505862331;B
20240202;100550;204.660000000;40;9505862340;S
20240202;100550;204.640000000;50;9505862341;B
20240202;100550;204.720000000;250;9505862343;B
20240202;100550;204.720000000;600;9505862344;B
20240202;100550;204.720000000;200;9505862345;B
20240202;100550;204.720000000;200;9505862346;B
20240202;100550;204.660000000;20;9505862362;S
20240202;100553;204.660000000;10;9505862819;S
20240202;100555;204.620000000;90;9505863173;B
20240202;100555;204.620000000;10;9505863298;B
20240202;100559;204.600000000;150;9505864101;S
20240202;100559;204.600000000;10;9505864307;S
20240202;100600;204.650000000;40;9505864517;B
20240202;100600;204.660000000;90;9505864518;B
20240202;100600;204.670000000;10;9505864519;B
20240202;100600;204.680000000;30;9505864520;B
20240202;100600;204.690000000;10;9505864521;B
20240202;100600;204.690000000;10;9505864522;B
20240202;100600;204.700000000;110;9505864523;B
20240202;100602;204.650000000;180;9505864892;S
20240202;100602;204.640000000;90;9505864893;S
20240202;100602;204.630000000;40;9505864894;S
20240202;100602;204.600000000;200;9505864895;B
20240202;100606;204.560000000;100;9505865634;S
20240202;100609;204.520000000;40;9505866227;S
20240202;100609;204.510000000;20;9505866228;S
20240202;100609;204.510000000;120;9505866298;S
20240202;100615;204.530000000;50;9505867641;S
20240202;100617;204.520000000;760;9505868059;S
20240202;100617;204.510000000;40;9505868060;S
20240202;100617;204.500000000;10;9505868061;S
20240202;100617;204.500000000;190;9505868062;S
20240202;100617;204.500000000;30;9505868072;S
20240202;100617;204.500000000;10;9505868099;S
20240202;100618;204.500000000;100;9505868127;S
20240202;100618;204.500000000;70;9505868213;S
20240202;100618;204.500000000;70;9505868256;S
20240202;100620;204.510000000;20;9505868514;S
20240202;100620;204.500000000;50;9505868515;S
20240202;100620;204.510000000;20;9505868686;S
20240202;100620;204.510000000;40;9505868687;S
20240202;100620;204.510000000;10;9505868688;S
20240202;100622;204.520000000;10;9505869222;B
20240202;100623;204.540000000;150;9505869558;S
20240202;100625;204.560000000;40;9505869855;B
20240202;100625;204.560000000;50;9505869856;B
20240202;100627;204.550000000;200;9505870264;S
20240202;100627;204.550000000;40;9505870265;S
20240202;100627;204.520000000;970;9505870266;S
20240202;100627;204.500000000;480;9505870267;S
20240202;100627;204.500000000;290;9505870268;S
20240202;100627;204.500000000;10;9505870269;S
20240202;100627;204.500000000;10;9505870270;S
20240202;100628;204.500000000;10;9505870511;S
20240202;100633;204.550000000;100;9505871411;S
20240202;100633;204.550000000;10;9505871412;S
20240202;100633;204.540000000;40;9505871413;S
20240202;100633;204.500000000;480;9505871414;S
20240202;100633;204.500000000;10;9505871415;S
20240202;100633;204.500000000;100;9505871416;S
20240202;100633;204.480000000;100;9505871417;S
20240202;100633;204.470000000;970;9505871418;S
20240202;100633;204.460000000;100;9505871419;S
20240202;100633;204.430000000;180;9505871420;S
20240202;100633;204.420000000;100;9505871421;S
20240202;100633;204.410000000;10;9505871422;S
20240202;100633;204.400000000;50;9505871423;S
20240202;100633;204.370000000;750;9505871424;S
20240202;100633;204.550000000;40;9505871426;B
20240202;100633;204.550000000;60;9505871427;B
20240202;100633;204.420000000;50;9505871432;S
20240202;100634;204.420000000;30;9505871444;S
20240202;100634;204.460000000;10;9505871465;B
20240202;100634;204.530000000;180;9505871466;B
20240202;100634;204.530000000;10;9505871467;S
20240202;100634;204.530000000;20;9505871472;B
20240202;100634;204.500000000;10;9505871506;S
20240202;100634;204.500000000;10;9505871593;S
20240202;100634;204.440000000;180;9505871594;S
20240202;100634;204.430000000;110;9505871595;S
20240202;100634;204.450000000;100;9505871610;S
20240202;100634;204.430000000;40;9505871611;S
20240202;100634;204.430000000;180;9505871612;S
20240202;100634;204.420000000;60;9505871613;S
20240202;100641;204.410000000;10;9505873316;S
20240202;100641;204.400000000;20;9505873317;S
20240202;100641;204.510000000;180;9505873450;B
20240202;100641;204.510000000;40;9505873451;B
20240202;100641;204.510000000;280;9505873452;B
20240202;100643;204.400000000;20;9505873955;S
20240202;100644;204.400000000;10;9505874386;S
20240202;100645;204.410000000;10;9505874600;B
20240202;100648;204.360000000;670;9505875318;S
20240202;100648;204.350000000;970;9505875319;S
20240202;100648;204.330000000;880;9505875320;S
20240202;100653;204.330000000;30;9505876266;S
20240202;100655;204.340000000;10;9505876568;S
20240202;100655;204.400000000;50;9505876569;B
20240202;100655;204.340000000;1000;9505876596;S
20240202;100657;204.340000000;50;9505877083;S
20240202;100657;204.330000000;50;9505877084;S
20240202;100701;204.330000000;1040;9505878024;S
20240202;100701;204.320000000;50;9505878025;S
20240202;100701;204.290000000;30;9505878026;S
20240202;100701;204.290000000;180;9505878027;S
20240202;100701;204.290000000;400;9505878028;S
20240202;100702;204.370000000;180;9505878154;S
20240202;100702;204.370000000;10;9505878280;S
20240202;100704;204.390000000;20;9505878612;B
20240202;100705;204.370000000;10;9505878849;S
20240202;100708;204.320000000;10;9505879979;S
20240202;100711;204.350000000;10;9505880444;B
20240202;100711;204.350000000;20;9505880494;B
20240202;100714;204.340000000;10;9505881019;S
20240202;100714;204.340000000;30;9505881027;S
20240202;100714;204.340000000;30;9505881070;S
20240202;100714;204.340000000;30;9505881117;S
20240202;100716;204.320000000;120;9505881414;S
20240202;100716;204.320000000;20;9505881596;S
20240202;100719;204.330000000;50;9505882127;B
20240202;100719;204.350000000;50;9505882128;B
20240202;100723;204.350000000;250;9505883238;B
20240202;100724;204.320000000;100;9505883313;S
20240202;100729;204.330000000;20;9505884556;B
20240202;100729;204.330000000;30;9505884579;B
20240202;100729;204.320000000;100;9505884654;S
20240202;100730;204.300000000;100;9505884887;S
20240202;100730;204.300000000;1900;9505884888;S
20240202;100730;204.300000000;2000;9505884933;S
20240202;100731;204.300000000;50;9505885404;S
20240202;100737;204.300000000;400;9505886611;S
20240202;100737;204.300000000;200;9505886660;S
20240202;100737;204.290000000;50;9505886661;S
20240202;100737;204.280000000;50;9505886662;S
20240202;100740;204.290000000;20;9505887184;B
20240202;100740;204.300000000;20;9505887185;B
20240202;100740;204.320000000;50;9505887186;B
20240202;100740;204.330000000;30;9505887187;B
20240202;100741;204.280000000;20;9505887278;S
20240202;100747;204.280000000;2460;9505888350;S
20240202;100753;204.280000000;470;9505889869;S
20240202;100754;204.260000000;10;9505890211;S
20240202;100754;204.250000000;10;9505890212;S
20240202;100755;204.250000000;80;9505890368;S
20240202;100758;204.250000000;350;9505890983;S
20240202;100759;204.250000000;290;9505891278;S
20240202;100800;204.210000000;10;9505891494;S
20240202;100800;204.210000000;10;9505891495;S
20240202;100800;204.200000000;10;9505891496;S
20240202;100800;204.200000000;20;9505891497;S
20240202;100801;204.200000000;80;9505891709;S
20240202;100801;204.190000000;100;9505891710;S
20240202;100801;204.180000000;100;9505891711;S
20240202;100801;204.180000000;10;9505891712;S
20240202;100801;204.170000000;10;9505891713;S
20240202;100803;204.170000000;140;9505892078;S
20240202;100803;204.150000000;50;9505892079;S
20240202;100803;204.120000000;100;9505892080;S
20240202;100803;204.110000000;110;9505892081;S
20240202;100803;204.100000000;30;9505892126;S
20240202;100803;204.100000000;10;9505892203;S
20240202;100803;204.090000000;10;9505892204;S
20240202;100803;204.090000000;50;9505892205;S
20240202;100803;204.090000000;180;9505892206;S
20240202;100803;204.080000000;40;9505892207;S
20240202;100803;204.080000000;40;9505892208;S
20240202;100803;204.080000000;50;9505892209;S
20240202;100803;204.060000000;40;9505892210;S
20240202;100803;204.060000000;40;9505892211;S
20240202;100803;204.060000000;40;9505892212;S
20240202;100803;204.050000000;200;9505892213;S
20240202;100805;204.060000000;380;9505892483;S
20240202;100805;204.050000000;620;9505892484;S
20240202;100805;204.070000000;10;9505892536;B
20240202;100806;204.070000000;90;9505892746;B
20240202;100806;204.070000000;10;9505892747;B
20240202;100806;204.120000000;50;9505892748;B
20240202;100806;204.120000000;90;9505892749;B
20240202;100806;204.130000000;180;9505892750;B
20240202;100806;204.140000000;310;9505892751;B
20240202;100809;204.100000000;10;9505893242;B
20240202;100811;204.070000000;10;9505893487;S
20240202;100814;204.100000000;10;9505894033;B
20240202;100817;204.100000000;30;9505894530;B
20240202;100817;204.100000000;20;9505894531;B
20240202;100820;204.100000000;20;9505895257;B
20240202;100820;204.080000000;90;9505895396;S
20240202;100820;204.070000000;180;9505895397;S
20240202;100820;204.060000000;50;9505895398;S
20240202;100820;204.040000000;40;9505895399;S
20240202;100820;204.030000000;10;9505895400;S
20240202;100820;204.020000000;360;9505895401;S
20240202;100821;204.020000000;10;9505895991;B
20240202;100824;204.010000000;10;9505896301;S
20240202;100824;204.010000000;10;9505896302;S
20240202;100824;204.010000000;10;9505896303;S
20240202;100824;204.010000000;100;9505896304;S
20240202;100824;204.010000000;100;9505896305;S
20240202;100824;204.000000000;20;9505896306;S
20240202;100824;204.000000000;10;9505896307;S
20240202;100824;204.000000000;500;9505896308;S
20240202;100824;204.000000000;100;9505896309;S
20240202;100824;204.000000000;40;9505896310;S
20240202;100824;204.000000000;40;9505896311;S
20240202;100824;204.000000000;10;9505896312;S
20240202;100824;204.000000000;10;9505896313;S
20240202;100824;204.000000000;40;9505896314;S
20240202;100824;204.000000000;70;9505896320;S
20240202;100824;204.000000000;10;9505896339;S
20240202;100824;204.010000000;50;9505896371;B
20240202;100824;204.010000000;70;9505896375;S
20240202;100824;204.010000000;10;9505896487;S
20240202;100824;204.010000000;170;9505896498;S
20240202;100824;204.000000000;140;9505896499;S
20240202;100824;204.000000000;240;9505896503;S
20240202;100824;204.000000000;50;9505896504;S
20240202;100824;204.000000000;10;9505896505;S
20240202;100824;204.000000000;10;9505896508;S
20240202;100824;204.000000000;10;9505896509;S
20240202;100824;204.000000000;10;9505896510;S
20240202;100824;204.000000000;10;9505896511;S
20240202;100824;204.020000000;30;9505896528;B
20240202;100824;204.020000000;10;9505896532;B
20240202;100824;204.000000000;20;9505896539;S
20240202;100824;203.980000000;160;9505896540;S
20240202;100824;203.970000000;30;9505896541;S
20240202;100824;203.970000000;30;9505896542;S
20240202;100824;203.960000000;50;9505896543;S
20240202;100824;203.930000000;10;9505896544;S
20240202;100824;203.920000000;20;9505896545;S
20240202;100824;203.920000000;1400;9505896546;S
20240202;100824;203.920000000;970;9505896547;S
20240202;100824;203.920000000;180;9505896548;S
20240202;100824;203.910000000;10;9505896549;S
20240202;100824;203.900000000;10;9505896550;S
20240202;100824;203.900000000;50;9505896551;S
20240202;100824;203.900000000;130;9505896552;S
20240202;100824;203.890000000;10;9505896553;S
20240202;100824;203.830000000;500;9505896554;S
20240202;100824;203.820000000;10;9505896555;S
20240202;100824;203.810000000;10;9505896556;S
20240202;100824;203.800000000;10;9505896557;S
20240202;100824;203.790000000;230;9505896558;S
20240202;100824;203.780000000;1160;9505896559;S
20240202;100824;203.930000000;10;9505896562;S
20240202;100824;203.930000000;190;9505896567;S
20240202;100824;203.890000000;50;9505896568;S
20240202;100824;203.860000000;160;9505896569;S
20240202;100824;203.790000000;30;9505896570;S
20240202;100825;203.980000000;20;9505896605;B
20240202;100825;203.800000000;150;9505896628;S
20240202;100825;203.800000000;300;9505896630;S
20240202;100825;203.800000000;150;9505896638;S
20240202;100825;203.800000000;30;9505896689;S
20240202;100825;203.800000000;10;9505896738;S
20240202;100826;203.930000000;100;9505896743;S
20240202;100826;203.800000000;250;9505896744;S
20240202;100826;203.790000000;150;9505896745;S
20240202;100826;203.790000000;50;9505896746;S
20240202;100826;203.780000000;150;9505896747;S
20240202;100826;203.890000000;100;9505896761;S
20240202;100827;203.890000000;70;9505897083;B
20240202;100829;203.780000000;10;9505897593;S
20240202;100831;203.860000000;10;9505897899;B
20240202;100833;203.860000000;20;9505898387;B
20240202;100834;203.840000000;10;9505898600;S
20240202;100834;203.820000000;10;9505898601;S
20240202;100834;203.760000000;10;9505898602;S
20240202;100834;203.760000000;50;9505898603;S
20240202;100834;203.760000000;10;9505898604;S
20240202;100834;203.740000000;50;9505898605;S
20240202;100834;203.730000000;220;9505898606;S
20240202;100834;203.710000000;10;9505898607;S
20240202;100834;203.710000000;130;9505898608;S
20240202;100834;203.720000000;40;9505898612;S
20240202;100834;203.710000000;60;9505898613;S
20240202;100834;203.820000000;40;9505898647;B
20240202;100837;203.740000000;40;9505899125;S
20240202;100837;203.710000000;10;9505899126;S
20240202;100837;203.710000000;50;9505899127;S
20240202;100837;203.710000000;90;9505899128;S
20240202;100837;203.710000000;680;9505899129;S
20240202;100844;203.800000000;180;9505900206;B
20240202;100844;203.800000000;200;9505900219;S
20240202;100844;203.800000000;590;9505900256;S
20240202;100850;203.820000000;10;9505901541;B
20240202;100850;203.810000000;10;9505901593;S
20240202;100850;203.810000000;50;9505901594;S
20240202;100850;203.800000000;10;9505901595;S
20240202;100859;203.850000000;10;9505903070;B
20240202;100859;203.850000000;10;9505903174;B
20240202;100859;203.850000000;10;9505903175;B
20240202;100859;203.860000000;20;9505903176;B
20240202;100859;203.870000000;180;9505903177;B
20240202;100859;203.870000000;50;9505903178;B
20240202;100859;203.900000000;6930;9505903179;B
20240202;100900;203.900000000;3070;9505903291;B
20240202;100900;203.900000000;180;9505903292;B
20240202;100900;203.940000000;50;9505903293;B
20240202;100900;203.970000000;500;9505903294;B
20240202;100900;204.010000000;200;9505903295;B
20240202;100900;203.840000000;30;9505903299;S
20240202;100903;203.900000000;50;9505903809;S
20240202;100903;203.900000000;950;9505903810;S
20240202;100910;204.000000000;90;9505905767;B
20240202;100912;204.010000000;40;9505906372;S
20240202;100912;204.000000000;50;9505906373;S
20240202;100916;204.020000000;10;9505907169;B
20240202;100919;204.020000000;10;9505907793;B
20240202;100922;204.020000000;100;9505908282;B
20240202;100923;204.020000000;100;9505908404;B
20240202;100925;204.010000000;50;9505908754;S
20240202;100925;204.000000000;600;9505908755;S
20240202;100928;204.010000000;10;9505909420;S
20240202;100934;204.070000000;80;9505910561;B
20240202;100934;204.080000000;50;9505910571;B
20240202;100934;204.090000000;40;9505910572;B
20240202;100935;204.090000000;30;9505910615;B
20240202;100935;204.090000000;10;9505910666;B
20240202;100936;204.100000000;40;9505911506;B
20240202;100936;204.100000000;960;9505911812;B
20240202;100951;204.240000000;20;9505914438;B
20240202;100956;204.240000000;20;9505915081;B
20240202;100956;204.250000000;20;9505915082;B
20240202;100956;204.300000000;40;9505915083;B
20240202;101000;204.230000000;40;9505915636;S
20240202;101000;204.220000000;180;9505915637;S
20240202;101000;204.210000000;80;9505915638;S
20240202;101000;204.210000000;110;9505915639;S
20240202;101000;204.210000000;10;9505915640;S
20240202;101000;204.200000000;50;9505915641;S
20240202;101000;204.200000000;30;9505915642;S
20240202;101000;204.180000000;80;9505915643;S
20240202;101000;204.170000000;200;9505915644;S
20240202;101000;204.150000000;80;9505915645;S
20240202;101000;204.140000000;40;9505915646;S
20240202;101005;204.290000000;10;9505916607;B
20240202;101006;204.290000000;30;9505917026;B
20240202;101010;204.170000000;40;9505917759;S
20240202;101010;204.170000000;50;9505917760;S
20240202;101010;204.160000000;180;9505917761;S
20240202;101010;204.160000000;50;9505917762;S
20240202;101010;204.160000000;50;9505917763;S
20240202;101010;204.150000000;30;9505917764;S
20240202;101010;204.140000000;40;9505917765;S
20240202;101010;204.120000000;50;9505917766;S
20240202;101010;204.090000000;260;9505917767;S
20240202;101012;204.080000000;80;9505917984;S
20240202;101012;204.060000000;670;9505917985;S
20240202;101014;204.060000000;100;9505918579;S
20240202;101015;204.130000000;10;9505918756;B
20240202;101019;204.140000000;10;9505919358;B
20240202;101031;204.150000000;10;9505922230;B
20240202;101032;204.100000000;100;9505922348;S
20240202;101034;204.120000000;10;9505922740;B
20240202;101034;204.100000000;20;9505922825;S
20240202;101034;204.100000000;40;9505922826;S
20240202;101034;204.100000000;300;9505922827;S
20240202;101037;204.060000000;10;9505923334;S
20240202;101042;204.060000000;100;9505924280;S
20240202;101043;204.060000000;100;9505924402;S
20240202;101044;204.050000000;20;9505924583;S
20240202;101047;204.060000000;900;9505925072;B
20240202;101047;204.070000000;40;9505925073;B
20240202;101047;204.080000000;60;9505925074;B
20240202;101048;204.080000000;30;9505925215;B
20240202;101048;204.090000000;10;9505925216;B
20240202;101048;204.100000000;960;9505925217;B
20240202;101049;204.100000000;40;9505925317;B
20240202;101054;204.090000000;10;9505926043;S
20240202;101054;204.070000000;40;9505926044;S
20240202;101054;204.070000000;90;9505926045;S
20240202;101054;204.060000000;10;9505926046;S
20240202;101058;204.070000000;50;9505926963;S
20240202;101058;204.060000000;300;9505926964;S
20240202;101058;204.060000000;1160;9505927095;S
20240202;101058;204.050000000;1110;9505927096;S
20240202;101103;204.050000000;40;9505928333;S
20240202;101105;204.050000000;50;9505928660;S
20240202;101105;204.050000000;580;9505928789;S
20240202;101105;204.050000000;10;9505928790;S
20240202;101105;204.050000000;50;9505928791;S
20240202;101105;204.020000000;10;9505928792;S
20240202;101105;204.010000000;340;9505928793;S
20240202;101105;204.010000000;110;9505928794;S
20240202;101110;204.070000000;10;9505929632;B
20240202;101118;204.050000000;10;9505931423;S
20240202;101118;204.010000000;1350;9505931424;S
20240202;101118;204.010000000;10;9505931425;S
20240202;101118;204.000000000;260;9505931426;S
20240202;101118;204.000000000;1180;9505931427;S
20240202;101118;204.000000000;50;9505931428;S
20240202;101118;204.000000000;20;9505931429;S
20240202;101118;204.000000000;6000;9505931430;S
20240202;101118;204.000000000;10;9505931431;S
20240202;101118;204.000000000;500;9505931432;S
20240202;101118;204.000000000;20;9505931433;S
20240202;101118;204.000000000;90;9505931434;S
20240202;101118;203.970000000;500;9505931435;S
20240202;101118;203.960000000;180;9505931436;S
20240202;101118;203.950000000;1000;9505931437;S
20240202;101118;203.900000000;20;9505931438;S
20240202;101118;203.900000000;20;9505931439;S
20240202;101118;203.890000000;980;9505931440;S
20240202;101118;203.880000000;500;9505931441;S
20240202;101118;203.860000000;10;9505931442;S
20240202;101118;203.840000000;100;9505931443;S
20240202;101118;203.840000000;20;9505931444;S
20240202;101118;203.820000000;600;9505931445;S
20240202;101118;203.820000000;10;9505931446;S
20240202;101118;203.810000000;10;9505931447;S
20240202;101118;203.810000000;1470;9505931448;S
20240202;101118;203.800000000;50;9505931449;S
20240202;101118;203.800000000;15030;9505931450;S
20240202;101118;203.820000000;70;9505931467;S
20240202;101118;203.820000000;10;9505931475;S
20240202;101118;203.820000000;20;9505931510;S
20240202;101120;203.900000000;150;9505932070;B
20240202;101126;203.830000000;30;9505933054;S
20240202;101126;203.820000000;30;9505933055;S
20240202;101131;203.820000000;1440;9505933662;S
20240202;101131;203.820000000;100;9505933663;S
20240202;101131;203.810000000;460;9505933664;S
20240202;101132;203.850000000;50;9505933873;B
20240202;101132;203.870000000;100;9505933874;B
20240202;101132;203.870000000;10;9505933875;B
20240202;101132;203.890000000;100;9505933876;B
20240202;101132;203.910000000;30;9505933970;B
20240202;101132;203.910000000;90;9505933999;S
20240202;101133;203.910000000;20;9505934002;B
20240202;101135;203.910000000;150;9505934580;B
20240202;101139;203.920000000;10;9505935318;B
20240202;101140;203.920000000;10;9505935504;B
20240202;101141;203.900000000;60;9505935697;S
20240202;101141;203.920000000;90;9505935701;B
20240202;101141;203.940000000;10;9505935702;B
20240202;101141;203.950000000;50;9505935703;B
20240202;101141;203.960000000;50;9505935704;B
20240202;101148;203.980000000;50;9505937029;B
20240202;101148;203.990000000;50;9505937038;B
20240202;101148;203.990000000;100;9505937039;B
20240202;101149;203.990000000;10;9505937252;B
20240202;101150;204.000000000;10;9505937410;B
20240202;101151;204.000000000;70;9505937488;B
20240202;101151;204.000000000;90;9505937489;B
20240202;101151;204.010000000;190;9505937490;B
20240202;101202;204.000000000;60;9505939734;B
20240202;101211;204.050000000;200;9505941388;B
20240202;101211;204.090000000;100;9505941389;B
20240202;101211;204.090000000;10;9505941390;B
20240202;101211;204.090000000;90;9505941391;B
20240202;101211;204.090000000;50;9505941392;B
20240202;101211;204.100000000;550;9505941393;B
20240202;101211;204.100000000;20;9505941397;B
20240202;101211;204.100000000;80;9505941420;B
20240202;101212;204.100000000;50;9505941490;B
20240202;101212;204.100000000;10;9505941512;B
20240202;101212;204.030000000;50;9505941622;S
20240202;101212;204.020000000;10;9505941623;S
20240202;101214;204.020000000;170;9505941892;S
20240202;101214;204.010000000;320;9505941893;S
20240202;101217;204.050000000;200;9505942266;B
20240202;101221;204.060000000;10;9505942791;B
20240202;101222;204.050000000;10;9505942976;B
20240202;101234;204.070000000;10;9505944750;B
20240202;101242;204.070000000;10;9505946080;S
20240202;101242;204.050000000;10;9505946081;S
20240202;101243;204.050000000;10;9505946204;S
20240202;101243;204.050000000;10;9505946205;S
20240202;101244;204.080000000;10;9505946234;B
20240202;101255;204.090000000;10;9505947820;B
20240202;101255;204.090000000;20;9505947821;B
20240202;101257;204.090000000;20;9505947995;B
20240202;101259;204.080000000;10;9505948313;B
20240202;101301;204.050000000;40;9505948554;S
20240202;101301;204.050000000;10;9505948555;S
20240202;101301;204.050000000;50;9505948556;S
20240202;101301;204.040000000;10;9505948628;S
20240202;101305;204.080000000;290;9505949178;B
20240202;101305;204.090000000;40;9505949179;B
20240202;101305;204.090000000;50;9505949180;B
20240202;101305;204.100000000;650;9505949181;B
20240202;101305;204.090000000;1000;9505949182;S
20240202;101305;204.100000000;50;9505949183;B
20240202;101305;204.090000000;1000;9505949184;S
20240202;101306;204.100000000;10;9505949218;B
20240202;101306;204.100000000;20;9505949219;B
20240202;101306;204.100000000;250;9505949286;B
20240202;101306;204.100000000;50;9505949287;B
20240202;101307;204.100000000;180;9505949381;B
20240202;101308;204.090000000;10;9505949506;S
20240202;101308;204.090000000;500;9505949533;S
20240202;101308;204.100000000;340;9505949534;B
20240202;101309;204.100000000;100;9505949574;B
20240202;101309;204.100000000;440;9505949661;B
20240202;101311;204.100000000;110;9505949827;B
20240202;101312;204.100000000;10;9505949860;B
20240202;101312;204.100000000;130;9505949868;B
20240202;101312;204.100000000;590;9505949908;B
20240202;101312;204.100000000;10;9505949909;B
20240202;101312;204.100000000;50;9505949910;B
20240202;101312;204.100000000;230;9505949911;B
20240202;101312;204.120000000;60;9505949912;B
20240202;101313;204.100000000;120;9505949953;S
20240202;101313;204.100000000;380;9505949954;S
20240202;101313;204.160000000;500;9505949955;B
20240202;101313;204.170000000;110;9505949956;B
20240202;101313;204.200000000;50;9505949957;B
20240202;101313;204.210000000;10;9505949958;B
20240202;101313;204.280000000;10;9505949959;B
20240202;101313;204.280000000;40;9505949960;B
20240202;101313;204.290000000;280;9505949961;B
20240202;101313;204.260000000;10;9505950071;B
20240202;101322;204.150000000;50;9505951256;S
20240202;101324;204.250000000;10;9505951502;B
20240202;101329;204.250000000;20;9505952376;B
20240202;101330;204.180000000;20;9505952413;S
20240202;101330;204.180000000;180;9505952414;S
20240202;101330;204.150000000;50;9505952415;S
20240202;101333;204.140000000;30;9505952858;B
20240202;101333;204.130000000;20;9505952874;S
20240202;101333;204.140000000;10;9505952918;B
20240202;101335;204.130000000;40;9505953133;S
20240202;101337;204.130000000;30;9505953345;S
20240202;101338;204.130000000;20;9505953476;B
20240202;101350;204.100000000;140;9505955045;S
20240202;101351;204.040000000;10;9505955072;S
20240202;101352;204.100000000;30;9505955324;S
20240202;101352;204.100000000;270;9505955325;S
20240202;101414;204.120000000;100;9505958087;B
20240202;101416;204.110000000;50;9505958529;S
20240202;101417;204.120000000;140;9505958534;B
20240202;101419;204.120000000;100;9505959075;B
20240202;101436;204.110000000;10;9505961307;B
20240202;101444;204.110000000;10;9505962381;B
20240202;101455;204.080000000;100;9505963805;S
20240202;101455;204.080000000;40;9505963806;S
20240202;101455;204.070000000;10;9505963807;S
20240202;101458;204.110000000;10;9505964346;S
20240202;101501;204.110000000;10;9505964852;S
20240202;101501;204.060000000;10;9505964884;S
20240202;101502;204.060000000;10;9505964895;S
20240202;101502;204.060000000;20;9505965070;S
20240202;101505;204.060000000;10;9505965649;S
20240202;101510;204.050000000;20;9505967128;B
20240202;101511;204.040000000;20;9505967332;S
20240202;101512;204.040000000;50;9505967472;S
20240202;101520;204.040000000;40;9505969306;B
20240202;101520;204.040000000;10;9505969307;B
20240202;101520;204.050000000;50;9505969308;B
20240202;101522;204.050000000;10;9505969678;B
20240202;101524;204.030000000;300;9505970065;B
20240202;101524;204.040000000;10;9505970088;B
20240202;101539;204.040000000;50;9505973673;S
20240202;101539;204.030000000;250;9505973674;S
20240202;101550;204.030000000;20;9505976225;S
20240202;101550;204.020000000;10;9505976226;S
20240202;101550;204.020000000;300;9505976227;S
20240202;101550;204.010000000;10;9505976228;S
20240202;101550;204.000000000;500;9505976229;S
20240202;101550;204.000000000;160;9505976230;S
20240202;101554;204.030000000;130;9505976945;B
20240202;101555;204.010000000;20;9505977043;S
20240202;101556;204.010000000;10;9505977238;S
20240202;101557;204.010000000;10;9505977400;S
20240202;101557;204.010000000;10;9505977488;S
20240202;101558;204.010000000;10;9505977652;S
20240202;101559;204.010000000;10;9505977866;S
20240202;101601;204.000000000;630;9505978253;S
20240202;101601;204.000000000;10;9505978254;S
20240202;101601;204.000000000;50;9505978255;S
20240202;101601;204.000000000;40;9505978256;S
20240202;101601;203.990000000;50;9505978257;S
20240202;101601;203.990000000;50;9505978258;S
20240202;101601;203.970000000;90;9505978259;S
20240202;101601;203.950000000;180;9505978260;S
20240202;101601;203.920000000;10;9505978261;S
20240202;101601;203.900000000;30;9505978262;S
20240202;101601;203.900000000;40;9505978263;S
20240202;101601;203.890000000;50;9505978264;S
20240202;101601;203.870000000;90;9505978265;S
20240202;101601;203.870000000;80;9505978266;S
20240202;101601;203.860000000;30;9505978267;S
20240202;101606;203.900000000;70;9505979125;S
20240202;101606;203.890000000;30;9505979126;S
20240202;101609;203.890000000;1400;9505979748;S
20240202;101612;203.880000000;10;9505980248;S
20240202;101621;203.880000000;160;9505981815;S
20240202;101622;203.950000000;40;9505982230;B
20240202;101622;203.880000000;340;9505982286;S
20240202;101622;203.880000000;10;9505982287;S
20240202;101622;203.870000000;40;9505982288;S
20240202;101622;203.850000000;10;9505982289;S
20240202;101622;203.850000000;20;9505982290;S
20240202;101622;203.840000000;20;9505982291;S
20240202;101622;203.830000000;20;9505982292;S
20240202;101622;203.830000000;50;9505982293;S
20240202;101622;203.830000000;100;9505982294;S
20240202;101622;203.820000000;10;9505982295;S
20240202;101622;203.820000000;100;9505982296;S
20240202;101622;203.820000000;10;9505982297;S
20240202;101622;203.820000000;20;9505982298;S
20240202;101622;203.820000000;250;9505982299;S
20240202;101622;203.820000000;90;9505982300;S
20240202;101622;203.820000000;230;9505982301;B
20240202;101622;203.820000000;200;9505982302;B
20240202;101622;203.820000000;320;9505982303;B
20240202;101622;203.820000000;100;9505982364;B
20240202;101622;203.810000000;20;9505982384;S
20240202;101623;203.810000000;100;9505982458;S
20240202;101625;203.820000000;10;9505982938;B
20240202;101626;203.820000000;50;9505983274;B
20240202;101635;203.820000000;40;9505984811;S
20240202;101635;203.820000000;1450;9505984812;S
20240202;101635;203.810000000;180;9505984813;S
20240202;101635;203.810000000;10;9505984814;S
20240202;101635;203.810000000;10;9505984815;S
20240202;101635;203.810000000;1310;9505984816;S
20240202;101643;203.810000000;10;9505986382;S
20240202;101644;203.810000000;680;9505986395;S
20240202;101644;203.810000000;10;9505986396;S
20240202;101644;203.810000000;10;9505986397;S
20240202;101644;203.810000000;10;9505986398;S
20240202;101644;203.810000000;100;9505986399;S
20240202;101644;203.800000000;3550;9505986400;S
20240202;101644;203.800000000;700;9505986401;S
20240202;101644;203.800000000;300;9505986402;S
20240202;101644;203.800000000;4720;9505986403;S
20240202;101644;203.800000000;20;9505986404;S
20240202;101644;203.800000000;190;9505986405;S
20240202;101644;203.800000000;500;9505986406;S
20240202;101644;203.800000000;70;9505986407;S
20240202;101644;203.800000000;150;9505986408;S
20240202;101644;203.800000000;20;9505986409;S
20240202;101644;203.800000000;10;9505986410;S
20240202;101644;203.750000000;10;9505986422;S
20240202;101644;203.720000000;10;9505986583;S
20240202;101645;203.730000000;50;9505986645;B
20240202;101645;203.710000000;10;9505986680;S
20240202;101645;203.700000000;10;9505986681;S
20240202;101645;203.700000000;50;9505986682;S
20240202;101645;203.700000000;100;9505986683;S
20240202;101645;203.700000000;10;9505986684;S
20240202;101646;203.730000000;90;9505987067;B
20240202;101646;203.750000000;50;9505987159;B
20240202;101646;203.750000000;40;9505987160;B
20240202;101647;203.740000000;30;9505987232;B
20240202;101647;203.750000000;60;9505987233;B
20240202;101647;203.750000000;90;9505987284;B
20240202;101651;203.690000000;10;9505988223;S
20240202;101657;203.690000000;10;9505989236;S
20240202;101657;203.690000000;10;9505989286;S
20240202;101659;203.690000000;10;9505989659;S
20240202;101700;203.690000000;50;9505989922;S
20240202;101700;203.680000000;10;9505989923;S
20240202;101700;203.680000000;500;9505989924;S
20240202;101700;203.680000000;40;9505989925;S
20240202;101700;203.660000000;20;9505989926;S
20240202;101700;203.650000000;1000;9505989927;S
20240202;101700;203.650000000;200;9505989928;S
20240202;101700;203.650000000;40;9505989929;S
20240202;101700;203.650000000;90;9505989930;S
20240202;101700;203.640000000;180;9505989931;S
20240202;101700;203.620000000;100;9505989932;S
20240202;101700;203.610000000;10;9505989933;S
20240202;101700;203.610000000;10;9505989934;S
20240202;101700;203.600000000;10;9505989935;S
20240202;101700;203.600000000;10;9505989936;S
20240202;101700;203.600000000;10;9505989937;S
20240202;101700;203.600000000;10;9505989938;S
20240202;101700;203.600000000;1000;9505989939;S
20240202;101700;203.590000000;40;9505989940;S
20240202;101700;203.590000000;10;9505989941;S
20240202;101700;203.590000000;500;9505989942;S
20240202;101700;203.570000000;1500;9505989943;S
20240202;101700;203.570000000;1070;9505989944;B
20240202;101700;203.690000000;100;9505989945;B
20240202;101700;203.650000000;500;9505989954;S
20240202;101700;203.650000000;20;9505989957;S
20240202;101700;203.650000000;480;9505989959;S
20240202;101701;203.690000000;50;9505990133;S
20240202;101701;203.650000000;200;9505990134;S
20240202;101701;203.630000000;40;9505990135;S
20240202;101701;203.610000000;180;9505990136;S
20240202;101701;203.580000000;20;9505990137;S
20240202;101701;203.570000000;100;9505990138;S
20240202;101701;203.560000000;30;9505990139;S
20240202;101701;203.530000000;10;9505990140;S
20240202;101701;203.520000000;100;9505990141;S
20240202;101701;203.510000000;20;9505990142;S
20240202;101701;203.510000000;10;9505990143;S
20240202;101701;203.510000000;10;9505990144;S
20240202;101701;203.510000000;10;9505990145;S
20240202;101701;203.510000000;20;9505990146;S
20240202;101701;203.500000000;10;9505990147;S
20240202;101701;203.500000000;80;9505990148;S
20240202;101701;203.500000000;10;9505990149;S
20240202;101701;203.500000000;20;9505990150;S
20240202;101701;203.500000000;250;9505990151;S
20240202;101701;203.500000000;100;9505990152;S
20240202;101701;203.500000000;10;9505990153;S
20240202;101701;203.500000000;50;9505990154;S
20240202;101701;203.500000000;10;9505990155;S
20240202;101701;203.500000000;100;9505990156;S
20240202;101701;203.500000000;500;9505990157;S
20240202;101701;203.500000000;60;9505990158;S
20240202;101701;203.570000000;30;9505990159;S
20240202;101701;203.520000000;30;9505990176;S
20240202;101701;203.510000000;20;9505990177;S
20240202;101702;203.620000000;80;9505990254;S
20240202;101709;203.620000000;20;9505991819;S
20240202;101709;203.580000000;40;9505991820;S
20240202;101709;203.570000000;90;9505991821;S
20240202;101709;203.520000000;10;9505991822;S
20240202;101709;203.510000000;980;9505991823;S
20240202;101709;203.510000000;10;9505991824;S
20240202;101709;203.500000000;190;9505991825;S
20240202;101709;203.500000000;110;9505991826;S
20240202;101709;203.500000000;100;9505991827;S
20240202;101709;203.500000000;10;9505991828;S
20240202;101709;203.500000000;50;9505991829;S
20240202;101709;203.500000000;10;9505991830;S
20240202;101709;203.500000000;500;9505991831;S
20240202;101709;203.500000000;20;9505991832;S
20240202;101709;203.500000000;20;9505991833;S
20240202;101709;203.500000000;40;9505991834;S
20240202;101709;203.490000000;100;9505991835;S
20240202;101709;203.490000000;10;9505991836;S
20240202;101709;203.490000000;180;9505991837;S
20240202;101709;203.480000000;30;9505991838;S
20240202;101709;203.480000000;10;9505991839;S
20240202;101709;203.480000000;30;9505991840;S
20240202;101709;203.480000000;30;9505991841;S
20240202;101709;203.480000000;90;9505991842;S
20240202;101709;203.490000000;300;9505991845;S
20240202;101709;203.490000000;530;9505991867;S
20240202;101709;203.490000000;100;9505991993;S
20240202;101709;203.620000000;20;9505992005;B
20240202;101709;203.490000000;50;9505992064;S
20240202;101709;203.480000000;160;9505992065;S
20240202;101709;203.480000000;30;9505992066;S
20240202;101709;203.480000000;10;9505992067;S
20240202;101709;203.480000000;30;9505992068;S
20240202;101709;203.480000000;10;9505992069;S
20240202;101709;203.480000000;60;9505992070;S
20240202;101709;203.480000000;30;9505992071;S
20240202;101709;203.480000000;10;9505992072;S
20240202;101709;203.480000000;30;9505992073;S
20240202;101709;203.480000000;30;9505992074;S
20240202;101709;203.480000000;60;9505992075;S
20240202;101709;203.470000000;10;9505992076;S
20240202;101709;203.600000000;120;9505992083;B
20240202;101710;203.480000000;30;9505992106;S
20240202;101710;203.480000000;90;9505992224;S
20240202;101710;203.480000000;20;9505992225;S
20240202;101710;203.480000000;200;9505992226;S
20240202;101710;203.480000000;50;9505992227;S
20240202;101710;203.480000000;30;9505992228;S
20240202;101710;203.470000000;40;9505992229;S
20240202;101710;203.470000000;100;9505992230;S
20240202;101710;203.460000000;10;9505992231;S
20240202;101710;203.460000000;40;9505992232;S
20240202;101710;203.460000000;60;9505992233;S
20240202;101710;203.480000000;40;9505992245;S
20240202;101714;203.560000000;180;9505992877;B
20240202;101714;203.490000000;10;9505992970;S
20240202;101714;203.480000000;20;9505992971;S
20240202;101714;203.480000000;20;9505992972;S
20240202;101721;203.480000000;100;9505994501;S
20240202;101724;203.510000000;80;9505995318;B
20240202;101724;203.520000000;10;9505995319;B
20240202;101724;203.530000000;90;9505995392;B
20240202;101725;203.550000000;90;9505995475;B
20240202;101725;203.500000000;10;9505995496;S
20240202;101725;203.560000000;90;9505995516;B
20240202;101727;203.580000000;100;9505996058;B
20240202;101734;203.530000000;10;9505997719;S
20240202;101737;203.580000000;10;9505998372;B
20240202;101737;203.580000000;40;9505998373;B
20240202;101742;203.530000000;80;9505999289;S
20240202;101742;203.530000000;40;9505999290;S
20240202;101744;203.530000000;130;9505999636;B
20240202;101748;203.530000000;80;9506000583;S
20240202;101748;203.520000000;30;9506000584;S
20240202;101748;203.520000000;40;9506000585;S
20240202;101748;203.510000000;90;9506000586;S
20240202;101748;203.510000000;10;9506000587;S
20240202;101748;203.500000000;40;9506000588;S
20240202;101749;203.500000000;90;9506000622;B
20240202;101749;203.500000000;10;9506000647;B
20240202;101749;203.500000000;90;9506000650;B
20240202;101750;203.480000000;10;9506000808;S
20240202;101750;203.500000000;50;9506000849;B
20240202;101751;203.500000000;10;9506001022;B
20240202;101751;203.480000000;10;9506001052;S
20240202;101751;203.500000000;160;9506001061;B
20240202;101754;203.480000000;10;9506001534;S
20240202;101755;203.480000000;40;9506001895;S
20240202;101755;203.480000000;10;9506001896;S
20240202;101755;203.480000000;20;9506001897;S
20240202;101757;203.490000000;10;9506002206;S
20240202;101757;203.490000000;120;9506002381;S
20240202;101757;203.480000000;30;9506002382;S
20240202;101757;203.480000000;330;9506002383;S
20240202;101758;203.480000000;170;9506002528;S
20240202;101758;203.480000000;40;9506002529;S
20240202;101758;203.470000000;90;9506002530;S
20240202;101801;203.490000000;110;9506003562;B
20240202;101802;203.490000000;100;9506003588;B
20240202;101805;203.490000000;10;9506004505;B
20240202;101806;203.460000000;740;9506004686;S
20240202;101806;203.460000000;50;9506004687;S
20240202;101806;203.450000000;40;9506004688;S
20240202;101806;203.430000000;90;9506004689;S
20240202;101806;203.420000000;40;9506004690;S
20240202;101806;203.420000000;110;9506004691;S
20240202;101806;203.410000000;930;9506004692;S
20240202;101807;203.430000000;40;9506004750;S
20240202;101807;203.440000000;20;9506004798;S
20240202;101807;203.430000000;30;9506004799;S
20240202;101807;203.430000000;50;9506004800;S
20240202;101807;203.430000000;50;9506004806;S
20240202;101807;203.430000000;60;9506004807;S
20240202;101807;203.410000000;40;9506004808;S
20240202;101808;203.470000000;690;9506005015;B
20240202;101808;203.470000000;40;9506005016;B
20240202;101808;203.480000000;70;9506005017;B
20240202;101809;203.410000000;30;9506005144;S
20240202;101809;203.410000000;10;9506005145;S
20240202;101809;203.410000000;10;9506005146;S
20240202;101809;203.410000000;90;9506005147;S
20240202;101809;203.410000000;40;9506005148;S
20240202;101809;203.400000000;10;9506005149;S
20240202;101809;203.400000000;50;9506005150;S
20240202;101809;203.400000000;10;9506005151;S
20240202;101809;203.400000000;200;9506005152;S
20240202;101809;203.400000000;10;9506005227;S
20240202;101810;203.470000000;50;9506005420;B
20240202;101813;203.460000000;10;9506005840;S
20240202;101817;203.490000000;10;9506006871;B
20240202;101817;203.490000000;10;9506006872;B
20240202;101817;203.490000000;10;9506006873;B
20240202;101817;203.490000000;10;9506006874;B
20240202;101818;203.470000000;10;9506006918;S
20240202;101818;203.460000000;200;9506007030;S
20240202;101818;203.450000000;10;9506007031;S
20240202;101818;203.420000000;10;9506007032;S
20240202;101818;203.420000000;10;9506007033;S
20240202;101818;203.410000000;90;9506007034;S
20240202;101818;203.410000000;520;9506007035;S
20240202;101818;203.410000000;500;9506007036;S
20240202;101818;203.400000000;90;9506007037;S
20240202;101818;203.400000000;80;9506007038;S
20240202;101818;203.400000000;980;9506007039;S
20240202;101818;203.400000000;40;9506007040;S
20240202;101818;203.400000000;400;9506007041;B
20240202;101818;203.360000000;100;9506007081;S
20240202;101819;203.370000000;20;9506007146;B
20240202;101819;203.400000000;10;9506007160;B
20240202;101819;203.400000000;10;9506007189;B
20240202;101819;203.360000000;120;9506007242;S
20240202;101819;203.400000000;30;9506007285;B
20240202;101821;203.380000000;60;9506007566;S
20240202;101822;203.400000000;100;9506007793;B
20240202;101824;203.400000000;20;9506008207;B
20240202;101824;203.400000000;40;9506008278;B
20240202;101826;203.400000000;10;9506008667;B
20240202;101827;203.400000000;100;9506008729;B
20240202;101830;203.400000000;500;9506009184;B
20240202;101830;203.370000000;20;9506009199;S
20240202;101830;203.360000000;70;9506009200;S
20240202;101830;203.330000000;50;9506009201;S
20240202;101830;203.320000000;130;9506009202;S
20240202;101832;203.390000000;100;9506009660;B
20240202;101833;203.390000000;10;9506009783;B
20240202;101833;203.370000000;30;9506009814;S
20240202;101833;203.310000000;10;9506009815;S
20240202;101833;203.310000000;10;9506009816;S
20240202;101833;203.310000000;50;9506009817;S
20240202;101833;203.310000000;150;9506009818;S
20240202;101833;203.300000000;10;9506009819;S
20240202;101833;203.300000000;10;9506009820;S
20240202;101833;203.300000000;260;9506009821;S
20240202;101833;203.300000000;470;9506009822;S
20240202;101834;203.330000000;40;9506010023;S
20240202;101834;203.320000000;130;9506010024;S
20240202;101834;203.310000000;10;9506010025;S
20240202;101834;203.310000000;50;9506010026;S
20240202;101834;203.300000000;70;9506010027;B
20240202;101834;203.390000000;40;9506010051;B
20240202;101842;203.340000000;50;9506011524;S
20240202;101842;203.340000000;50;9506011525;S
20240202;101842;203.340000000;50;9506011526;S
20240202;101842;203.330000000;100;9506011527;S
20240202;101842;203.320000000;10;9506011528;S
20240202;101842;203.300000000;130;9506011529;S
20240202;101842;203.300000000;2370;9506011530;B
20240202;101842;203.380000000;70;9506011566;B
20240202;101842;203.390000000;50;9506011567;B
20240202;101843;203.400000000;10;9506011647;B
20240202;101843;203.400000000;930;9506011648;B
20240202;101847;203.400000000;70;9506012749;B
20240202;101848;203.450000000;440;9506013100;S
20240202;101849;203.460000000;90;9506013233;B
20240202;101849;203.460000000;240;9506013234;S
20240202;101854;203.470000000;1000;9506014558;B
20240202;101900;203.500000000;30;9506015709;B
20240202;101900;203.500000000;50;9506015710;B
20240202;101900;203.500000000;140;9506015711;B
20240202;101908;203.500000000;100;9506017254;B
20240202;101910;203.500000000;120;9506017541;B
20240202;101910;203.500000000;90;9506017639;B
20240202;101910;203.500000000;90;9506017726;B
20240202;101910;203.500000000;90;9506017773;B
20240202;101915;203.500000000;10;9506018444;B
20240202;101915;203.500000000;60;9506018545;B
20240202;101916;203.470000000;10;9506018669;S
20240202;101917;203.500000000;10;9506018942;B
20240202;101919;203.460000000;40;9506019320;S
20240202;101919;203.460000000;90;9506019321;S
20240202;101919;203.500000000;90;9506019454;B
20240202;101919;203.500000000;90;9506019566;B
20240202;101920;203.500000000;90;9506019614;B
20240202;101921;203.500000000;20;9506019863;B
20240202;101921;203.500000000;10;9506019864;B
20240202;101927;203.530000000;10;9506020935;S
20240202;101931;203.580000000;10;9506021660;B
20240202;101933;203.590000000;80;9506022049;B
20240202;101933;203.600000000;40;9506022050;B
20240202;101933;203.600000000;50;9506022051;B
20240202;101933;203.620000000;410;9506022052;B
20240202;101933;203.630000000;220;9506022053;B
20240202;101934;203.630000000;560;9506022135;B
20240202;101934;203.650000000;300;9506022136;B
20240202;101934;203.650000000;40;9506022137;B
20240202;101934;203.660000000;20;9506022175;B
20240202;101934;203.670000000;280;9506022176;B
20240202;101934;203.670000000;100;9506022177;B
20240202;101936;203.670000000;100;9506022593;B
20240202;101937;203.670000000;30;9506022816;B
20240202;101938;203.670000000;10;9506023052;B
20240202;101940;203.670000000;100;9506023218;B
20240202;101948;203.660000000;10;9506024928;B
20240202;101953;203.620000000;10;9506025863;S
20240202;102000;203.620000000;30;9506027042;S
20240202;102002;203.640000000;10;9506027599;B
20240202;102007;203.620000000;20;9506028536;S
20240202;102007;203.610000000;10;9506028555;S
20240202;102007;203.550000000;180;9506028556;S
20240202;102007;203.540000000;60;9506028557;S
20240202;102012;203.620000000;30;9506029834;B
20240202;102012;203.620000000;30;9506030992;B
20240202;102013;203.620000000;200;9506031084;B
20240202;102013;203.620000000;30;9506031108;B
20240202;102013;203.620000000;10;9506031158;B
20240202;102013;203.620000000;30;9506031236;B
20240202;102017;203.620000000;10;9506033856;B
20240202;102018;203.650000000;30;9506034010;B
20240202;102024;203.600000000;200;9506036612;S
20240202;102024;203.580000000;20;9506036613;S
20240202;102025;203.600000000;10;9506036920;B
20240202;102025;203.600000000;10;9506036921;B
20240202;102025;203.610000000;40;9506036922;B
20240202;102025;203.620000000;40;9506036923;B
20240202;102030;203.540000000;10;9506038123;S
20240202;102030;203.590000000;10;9506038153;B
20240202;102034;203.560000000;10;9506039514;B
20240202;102034;203.540000000;10;9506039629;S
20240202;102035;203.540000000;10;9506039654;S
20240202;102036;203.540000000;10;9506039901;S
20240202;102038;203.560000000;10;9506042464;B
20240202;102038;203.570000000;40;9506042476;B
20240202;102038;203.570000000;60;9506042477;B
20240202;102043;203.540000000;10;9506043250;S
20240202;102043;203.540000000;20;9506043251;S
20240202;102043;203.520000000;30;9506043268;S
20240202;102043;203.520000000;40;9506043269;S
20240202;102047;203.580000000;10;9506044354;B
20240202;102108;203.550000000;20;9506052359;B
20240202;102111;203.580000000;10;9506053564;B
20240202;102125;203.540000000;10;9506058902;S
20240202;102125;203.540000000;630;9506058925;S
20240202;102125;203.530000000;890;9506058926;S
20240202;102128;203.560000000;40;9506059941;B
20240202;102128;203.530000000;110;9506060091;S
20240202;102128;203.520000000;90;9506060092;S
20240202;102128;203.500000000;20;9506060093;S
20240202;102128;203.500000000;20;9506060094;S
20240202;102128;203.500000000;180;9506060095;S
20240202;102128;203.500000000;40;9506060096;S
20240202;102128;203.480000000;180;9506060097;S
20240202;102128;203.460000000;110;9506060098;S
20240202;102128;203.460000000;150;9506060099;S
20240202;102128;203.450000000;90;9506060100;S
20240202;102128;203.450000000;10;9506060101;S
20240202;102128;203.450000000;10;9506060102;S
20240202;102128;203.420000000;320;9506060103;S
20240202;102128;203.410000000;10;9506060104;S
20240202;102128;203.410000000;410;9506060105;S
20240202;102128;203.400000000;100;9506060106;S
20240202;102128;203.400000000;500;9506060107;S
20240202;102128;203.390000000;10;9506060108;S
20240202;102128;203.390000000;2500;9506060109;S
20240202;102128;203.390000000;500;9506060110;S
20240202;102128;203.360000000;80;9506060111;S
20240202;102128;203.360000000;300;9506060112;S
20240202;102128;203.350000000;30;9506060113;S
20240202;102128;203.350000000;30;9506060114;S
20240202;102128;203.350000000;30;9506060115;S
20240202;102128;203.350000000;10;9506060116;S
20240202;102128;203.340000000;500;9506060117;S
20240202;102128;203.330000000;980;9506060118;S
20240202;102129;203.330000000;740;9506060221;B
20240202;102130;203.310000000;10;9506061188;S
20240202;102130;203.310000000;10;9506061189;S
20240202;102130;203.300000000;20;9506061282;S
20240202;102131;203.300000000;40;9506061442;S
20240202;102131;203.300000000;20;9506061560;S
20240202;102132;203.300000000;120;9506062011;S
20240202;102132;203.300000000;10;9506062012;S
20240202;102132;203.300000000;50;9506062013;S
20240202;102132;203.300000000;30;9506062014;S
20240202;102132;203.300000000;30;9506062015;S
20240202;102132;203.300000000;30;9506062016;S
20240202;102132;203.290000000;10;9506062033;S
20240202;102135;203.290000000;40;9506062831;B
20240202;102135;203.290000000;40;9506062929;B
20240202;102139;203.300000000;40;9506064718;B
20240202;102139;203.310000000;80;9506064719;B
20240202;102139;203.310000000;30;9506064720;B
20240202;102140;203.310000000;60;9506064828;B
20240202;102140;203.320000000;20;9506064829;B
20240202;102140;203.330000000;20;9506064830;B
20240202;102143;203.300000000;90;9506065401;B
20240202;102146;203.280000000;30;9506066111;B
20240202;102146;203.300000000;200;9506066123;B
20240202;102147;203.290000000;20;9506066270;S
20240202;102147;203.270000000;80;9506066271;S
20240202;102148;203.300000000;50;9506066484;B
20240202;102148;203.260000000;10;9506066527;S
20240202;102148;203.260000000;30;9506066559;S
20240202;102148;203.260000000;30;9506066560;S
20240202;102148;203.260000000;70;9506066561;S
20240202;102148;203.250000000;10;9506066562;S
20240202;102148;203.250000000;150;9506066563;S
20240202;102148;203.250000000;960;9506066564;S
20240202;102149;203.250000000;10;9506068221;S
20240202;102151;203.280000000;40;9506068727;B
20240202;102151;203.290000000;260;9506068728;B
20240202;102152;203.280000000;50;9506069062;S
20240202;102152;203.290000000;90;9506069124;B
20240202;102152;203.280000000;10;9506069129;S
20240202;102153;203.290000000;90;9506069214;B
20240202;102153;203.280000000;10;9506069256;S
20240202;102153;203.290000000;90;9506069296;B
20240202;102153;203.290000000;10;9506069321;B
20240202;102153;203.290000000;90;9506069356;B
20240202;102153;203.290000000;90;9506069402;B
20240202;102154;203.270000000;240;9506069420;B
20240202;102154;203.270000000;110;9506069421;B
20240202;102154;203.280000000;40;9506069422;B
20240202;102154;203.300000000;850;9506069423;B
20240202;102154;203.300000000;90;9506069453;B
20240202;102154;203.300000000;90;9506069481;B
20240202;102201;203.290000000;70;9506070869;B
20240202;102210;203.280000000;10;9506074079;B
20240202;102210;203.290000000;90;9506074080;B
20240202;102212;203.260000000;560;9506074383;S
20240202;102212;203.250000000;10;9506074384;S
20240202;102212;203.240000000;90;9506074385;S
20240202;102212;203.230000000;10;9506074386;S
20240202;102212;203.230000000;50;9506074387;S
20240202;102212;203.220000000;10;9506074388;S
20240202;102212;203.220000000;50;9506074389;S
20240202;102212;203.220000000;40;9506074390;S
20240202;102212;203.220000000;350;9506074391;S
20240202;102212;203.220000000;500;9506074392;S
20240202;102212;203.210000000;10;9506074393;S
20240202;102212;203.210000000;250;9506074394;S
20240202;102212;203.210000000;60;9506074395;S
20240202;102212;203.210000000;80;9506074396;S
20240202;102212;203.200000000;10;9506074397;S
20240202;102212;203.200000000;10;9506074398;S
20240202;102212;203.200000000;2000;9506074399;S
20240202;102212;203.200000000;50;9506074400;S
20240202;102212;203.200000000;10;9506074401;S
20240202;102212;203.200000000;120;9506074402;S
20240202;102212;203.170000000;10;9506074403;S
20240202;102212;203.170000000;180;9506074404;S
20240202;102212;203.160000000;140;9506074405;S
20240202;102212;203.160000000;10;9506074406;S
20240202;102212;203.160000000;980;9506074407;S
20240202;102212;203.150000000;300;9506074408;S
20240202;102212;203.150000000;250;9506074409;S
20240202;102212;203.120000000;140;9506074410;S
20240202;102212;203.110000000;110;9506074411;S
20240202;102212;203.110000000;30;9506074412;S
20240202;102212;203.110000000;10;9506074413;S
20240202;102212;203.110000000;30;9506074414;S
20240202;102212;203.100000000;10;9506074415;S
20240202;102212;203.100000000;10;9506074416;S
20240202;102212;203.100000000;100;9506074417;S
20240202;102212;203.100000000;10;9506074418;S
20240202;102212;203.090000000;10;9506074419;S
20240202;102212;203.090000000;10;9506074420;S
20240202;102212;203.080000000;20;9506074421;S
20240202;102212;203.070000000;30;9506074422;S
20240202;102212;203.070000000;500;9506074423;S
20240202;102212;203.070000000;20;9506074424;S
20240202;102212;203.060000000;500;9506074425;S
20240202;102212;203.060000000;10;9506074426;S
20240202;102212;203.060000000;10;9506074427;B
20240202;102212;203.060000000;500;9506074428;B
20240202;102212;203.060000000;200;9506074429;B
20240202;102212;203.060000000;300;9506074430;B
20240202;102212;203.050000000;150;9506074431;S
20240202;102212;203.050000000;850;9506074432;S
20240202;102212;203.060000000;200;9506074433;B
20240202;102212;203.050000000;150;9506074434;S
20240202;102212;203.040000000;100;9506074445;S
20240202;102212;203.040000000;40;9506074456;S
20240202;102212;203.050000000;10;9506074468;B
20240202;102212;203.040000000;60;9506074491;S
20240202;102212;203.040000000;40;9506074492;S
20240202;102212;203.040000000;60;9506074494;S
20240202;102212;203.040000000;70;9506074495;S
20240202;102212;203.040000000;430;9506074510;S
20240202;102212;203.040000000;300;9506074511;S
20240202;102212;203.030000000;30;9506074512;S
20240202;102212;203.030000000;10;9506074513;S
20240202;102212;203.030000000;1500;9506074514;S
20240202;102212;203.030000000;10;9506074515;S
20240202;102212;203.030000000;10;9506074516;S
20240202;102212;203.020000000;10;9506074517;S
20240202;102212;203.020000000;200;9506074518;S
20240202;102212;203.050000000;500;9506074526;B
20240202;102212;203.030000000;40;9506074535;S
20240202;102212;203.020000000;60;9506074536;S
20240202;102212;203.020000000;1100;9506074544;S
20240202;102213;203.050000000;10;9506074637;B
20240202;102213;203.030000000;30;9506075378;S
20240202;102214;203.040000000;290;9506076488;B
20240202;102215;203.040000000;10;9506076576;B
20240202;102215;203.030000000;10;9506076630;S
20240202;102216;203.040000000;10;9506076789;B
20240202;102216;203.040000000;10;9506076839;B
20240202;102217;203.040000000;10;9506076868;B
20240202;102217;203.040000000;10;9506077064;B
20240202;102218;203.040000000;10;9506077214;B
20240202;102221;203.040000000;210;9506077509;B
20240202;102221;203.040000000;50;9506077510;B
20240202;102221;203.040000000;50;9506077511;B
20240202;102222;203.050000000;20;9506077793;B
20240202;102222;203.040000000;50;9506078192;S
20240202;102224;203.050000000;10;9506078462;B
20240202;102224;203.050000000;300;9506078463;B
20240202;102224;203.050000000;800;9506078464;B
20240202;102224;203.050000000;30;9506078465;B
20240202;102224;203.080000000;30;9506078498;B
20240202;102224;203.080000000;10;9506078510;B
20240202;102225;203.080000000;50;9506078543;B
20240202;102225;203.100000000;20;9506079319;B
20240202;102226;203.170000000;20;9506079394;B
20240202;102229;203.170000000;30;9506079947;S
20240202;102229;203.130000000;70;9506079948;S
20240202;102233;203.230000000;20;9506081327;B
20240202;102233;203.230000000;10;9506081467;B
20240202;102234;203.220000000;30;9506082050;B
20240202;102236;203.230000000;40;9506083544;B
20240202;102236;203.230000000;10;9506083545;B
20240202;102236;203.230000000;50;9506083610;B
20240202;102240;203.280000000;180;9506084226;B
20240202;102240;203.280000000;40;9506084227;B
20240202;102240;203.290000000;10;9506084228;B
20240202;102240;203.290000000;10;9506084240;B
20240202;102240;203.290000000;10;9506084267;B
20240202;102240;203.290000000;10;9506084337;B
20240202;102241;203.220000000;30;9506084426;S
20240202;102241;203.290000000;100;9506084458;B
20240202;102246;203.290000000;20;9506086817;B
20240202;102246;203.290000000;20;9506086818;B
20240202;102247;203.220000000;50;9506087306;S
20240202;102247;203.220000000;40;9506087307;S
20240202;102247;203.210000000;80;9506087308;S
20240202;102247;203.200000000;90;9506087309;S
20240202;102247;203.160000000;500;9506087310;S
20240202;102247;203.160000000;180;9506087311;S
20240202;102247;203.110000000;80;9506087312;S
20240202;102247;203.110000000;10;9506087313;S
20240202;102247;203.110000000;10;9506087314;S
20240202;102247;203.100000000;100;9506087315;S
20240202;102247;203.070000000;90;9506087316;S
20240202;102247;203.070000000;40;9506087317;S
20240202;102247;203.060000000;30;9506087318;S
20240202;102247;203.060000000;250;9506087319;S
20240202;102247;203.060000000;950;9506087320;S
20240202;102249;203.260000000;100;9506087673;B
20240202;102250;203.230000000;10;9506088887;S
20240202;102251;203.260000000;40;9506089029;B
20240202;102251;203.260000000;10;9506089056;S
20240202;102251;203.270000000;300;9506089069;B
20240202;102251;203.280000000;90;9506089070;B
20240202;102251;203.280000000;40;9506089071;B
20240202;102251;203.290000000;50;9506089072;B
20240202;102251;203.300000000;20;9506089073;B
20240202;102251;203.300000000;20;9506089276;B
20240202;102252;203.300000000;20;9506089297;B
20240202;102253;203.300000000;110;9506089808;B
20240202;102253;203.300000000;80;9506089901;B
20240202;102253;203.300000000;90;9506089902;B
20240202;102253;203.300000000;90;9506090008;B
20240202;102254;203.300000000;90;9506090126;B
20240202;102254;203.300000000;1150;9506090162;B
20240202;102254;203.300000000;180;9506090163;B
20240202;102254;203.320000000;100;9506090166;B
20240202;102254;203.370000000;90;9506090214;B
20240202;102254;203.370000000;90;9506090274;B
20240202;102254;203.370000000;40;9506090287;B
20240202;102254;203.400000000;40;9506090288;B
20240202;102254;203.400000000;10;9506090289;B
20240202;102254;203.400000000;30;9506090400;B
20240202;102254;203.440000000;40;9506090401;B
20240202;102254;203.440000000;50;9506090402;B
20240202;102255;203.460000000;40;9506090483;B
20240202;102255;203.470000000;50;9506090484;B
20240202;102255;203.470000000;200;9506090557;B
20240202;102255;203.480000000;40;9506090558;B
20240202;102255;203.490000000;20;9506090559;B
20240202;102256;203.490000000;30;9506090689;B
20240202;102257;203.490000000;90;9506090822;B
20240202;102257;203.490000000;10;9506090850;B
20240202;102257;203.490000000;30;9506090857;B
20240202;102257;203.500000000;60;9506090858;B
20240202;102258;203.500000000;90;9506090925;B
20240202;102258;203.500000000;90;9506090949;B
20240202;102259;203.480000000;10;9506091153;S
20240202;102259;203.390000000;180;9506091154;S
20240202;102259;203.380000000;310;9506091155;S
20240202;102301;203.390000000;90;9506091779;S
20240202;102306;203.440000000;80;9506093994;B
20240202;102306;203.450000000;20;9506093995;B
20240202;102310;203.450000000;50;9506094899;B
20240202;102312;203.310000000;180;9506095853;S
20240202;102312;203.310000000;10;9506095854;S
20240202;102312;203.310000000;40;9506095855;S
20240202;102312;203.300000000;90;9506095856;S
20240202;102312;203.300000000;50;9506095858;B
20240202;102313;203.270000000;90;9506095963;S
20240202;102313;203.260000000;20;9506095964;S
20240202;102313;203.230000000;60;9506095965;S
20240202;102313;203.210000000;80;9506095966;S
20240202;102313;203.190000000;760;9506095967;S
20240202;102313;203.180000000;300;9506095968;S
20240202;102313;203.170000000;180;9506095969;S
20240202;102313;203.110000000;10;9506095970;S
20240202;102313;203.290000000;10;9506096082;B
20240202;102317;203.280000000;260;9506096598;B
20240202;102317;203.290000000;170;9506096599;B
20240202;102317;203.290000000;250;9506096600;B
20240202;102317;203.290000000;90;9506096601;B
20240202;102317;203.300000000;90;9506096602;B
20240202;102317;203.320000000;140;9506096603;B
20240202;102318;203.210000000;10;9506096750;S
20240202;102319;203.280000000;40;9506096925;S
20240202;102319;203.220000000;10;9506096926;S
20240202;102321;203.180000000;10;9506097460;S
20240202;102325;203.180000000;70;9506099022;S
20240202;102325;203.180000000;30;9506099023;S
20240202;102330;203.300000000;10;9506101139;B
20240202;102331;203.300000000;10;9506101332;B
20240202;102331;203.310000000;110;9506101333;B
20240202;102334;203.340000000;50;9506101997;B
20240202;102336;203.270000000;10;9506102337;S
20240202;102340;203.390000000;10;9506102817;B
20240202;102342;203.390000000;30;9506103998;B
20240202;102342;203.390000000;100;9506104010;B
20240202;102342;203.390000000;20;9506104245;B
20240202;102354;203.390000000;10;9506107648;B
20240202;102359;203.300000000;10;9506109654;S
20240202;102359;203.300000000;20;9506109655;S
20240202;102403;203.290000000;100;9506110427;S
20240202;102404;203.360000000;10;9506110641;S
20240202;102405;203.360000000;20;9506110715;S
20240202;102407;203.290000000;20;9506111635;S
20240202;102408;203.370000000;40;9506111759;B
20240202;102408;203.380000000;100;9506111760;B
20240202;102408;203.380000000;90;9506111761;B
20240202;102408;203.380000000;10;9506111762;S
20240202;102408;203.380000000;10;9506111798;S
20240202;102408;203.390000000;60;9506111803;B
20240202;102408;203.390000000;10;9506111830;B
20240202;102408;203.380000000;10;9506111856;S
20240202;102408;203.390000000;10;9506111870;B
20240202;102409;203.380000000;10;9506111917;S
20240202;102409;203.380000000;10;9506111986;S
20240202;102409;203.390000000;10;9506112018;B
20240202;102410;203.380000000;20;9506112640;S
20240202;102410;203.380000000;10;9506112851;S
20240202;102411;203.390000000;40;9506113159;B
20240202;102412;203.400000000;40;9506113371;B
20240202;102412;203.410000000;30;9506113372;B
20240202;102413;203.410000000;20;9506113571;B
20240202;102414;203.400000000;10;9506114121;B
20240202;102419;203.420000000;10;9506114970;B
20240202;102423;203.420000000;10;9506117100;B
20240202;102425;203.410000000;10;9506117320;B
20240202;102427;203.410000000;10;9506117765;B
20240202;102428;203.400000000;10;9506118583;S
20240202;102428;203.410000000;20;9506118636;B
20240202;102430;203.400000000;20;9506119316;S
20240202;102431;203.400000000;20;9506119356;S
20240202;102431;203.390000000;10;9506119357;S
20240202;102431;203.380000000;20;9506119358;S
20240202;102432;203.390000000;20;9506119832;B
20240202;102432;203.390000000;10;9506119886;B
20240202;102433;203.390000000;100;9506120168;B
20240202;102434;203.390000000;20;9506120292;B
20240202;102434;203.390000000;40;9506120307;B
20240202;102435;203.390000000;30;9506120327;B
20240202;102435;203.390000000;20;9506120402;B
20240202;102440;203.390000000;30;9506121286;B
20240202;102440;203.400000000;10;9506121741;B
20240202;102440;203.390000000;220;9506121835;S
20240202;102440;203.390000000;30;9506121836;S
20240202;102440;203.390000000;10;9506121837;S
20240202;102440;203.390000000;270;9506121841;B
20240202;102442;203.390000000;10;9506122063;B
20240202;102445;203.390000000;50;9506122417;B
20240202;102445;203.390000000;70;9506123004;B
20240202;102446;203.390000000;10;9506123730;B
20240202;102452;203.390000000;270;9506124635;B
20240202;102453;203.390000000;20;9506124674;B
20240202;102453;203.390000000;10;9506124716;B
20240202;102453;203.390000000;10;9506124751;B
20240202;102454;203.390000000;20;9506124799;B
20240202;102454;203.390000000;10;9506124800;B
20240202;102454;203.430000000;30;9506124801;B
20240202;102454;203.440000000;30;9506124802;B
20240202;102455;203.440000000;90;9506125596;B
20240202;102457;203.440000000;100;9506126772;B
20240202;102459;203.440000000;780;9506126939;B
20240202;102459;203.450000000;20;9506126940;B
20240202;102459;203.460000000;10;9506126941;B
20240202;102459;203.480000000;20;9506126942;B
20240202;102459;203.500000000;170;9506126943;B
20240202;102501;203.500000000;20;9506127229;B
20240202;102501;203.470000000;60;9506127277;S
20240202;102501;203.410000000;180;9506127278;S
20240202;102501;203.400000000;500;9506127279;S
20240202;102501;203.390000000;1000;9506127280;S
20240202;102501;203.380000000;390;9506127281;S
20240202;102501;203.370000000;10;9506127282;S
20240202;102501;203.370000000;90;9506127283;S
20240202;102501;203.370000000;500;9506127284;S
20240202;102501;203.310000000;10;9506127285;S
20240202;102501;203.310000000;1000;9506127286;S
20240202;102501;203.290000000;30;9506127287;S
20240202;102501;203.280000000;250;9506127288;S
20240202;102501;203.270000000;500;9506127289;S
20240202;102501;203.270000000;980;9506127290;S
20240202;102501;203.210000000;10;9506127291;S
20240202;102501;203.200000000;20;9506127292;S
20240202;102501;203.200000000;40;9506127293;S
20240202;102501;203.180000000;100;9506127294;S
20240202;102501;203.180000000;80;9506127295;S
20240202;102501;203.160000000;20;9506127296;S
20240202;102501;203.160000000;50;9506127297;S
20240202;102501;203.150000000;600;9506127298;S
20240202;102501;203.130000000;700;9506127299;S
20240202;102501;203.120000000;1000;9506127300;S
20240202;102501;203.110000000;10;9506127301;S
20240202;102501;203.110000000;2000;9506127302;S
20240202;102501;203.100000000;530;9506127303;S
20240202;102501;203.100000000;500;9506127304;S
20240202;102501;203.100000000;5910;9506127305;S
20240202;102501;203.100000000;700;9506127306;S
20240202;102501;203.070000000;50;9506127307;S
20240202;102501;203.070000000;2180;9506127308;S
20240202;102503;203.330000000;80;9506127768;B
20240202;102503;203.340000000;20;9506127769;B
20240202;102507;203.370000000;160;9506128772;B
20240202;102507;203.370000000;10;9506128773;B
20240202;102507;203.380000000;370;9506128774;B
20240202;102508;203.380000000;10;9506128941;B
20240202;102509;203.300000000;40;9506129067;S
20240202;102516;203.410000000;10;9506129944;S
20240202;102522;203.430000000;40;9506130931;B
20240202;102522;203.460000000;30;9506130932;B
20240202;102522;203.470000000;130;9506130933;B
20240202;102532;203.470000000;20;9506132871;B
20240202;102532;203.480000000;30;9506132872;B
20240202;102534;203.470000000;10;9506133142;B
20240202;102536;203.490000000;100;9506133428;B
20240202;102536;203.490000000;200;9506133522;B
20240202;102537;203.490000000;90;9506133703;B
20240202;102540;203.490000000;90;9506133993;B
20240202;102540;203.500000000;20;9506133994;B
20240202;102541;203.490000000;10;9506134061;B
20240202;102547;203.490000000;100;9506134786;S
20240202;102547;203.500000000;10;9506135072;B
20240202;102548;203.500000000;20;9506135153;B
20240202;102549;203.490000000;100;9506135293;S
20240202;102549;203.490000000;20;9506135294;S
20240202;102549;203.460000000;90;9506135295;S
20240202;102549;203.450000000;90;9506135296;S
20240202;102551;203.470000000;20;9506135541;S
20240202;102551;203.450000000;10;9506135542;S
20240202;102551;203.410000000;20;9506135543;S
20240202;102554;203.460000000;30;9506135867;B
20240202;102559;203.460000000;10;9506136328;B
20240202;102559;203.400000000;10;9506136362;S
20240202;102559;203.390000000;30;9506136363;S
20240202;102559;203.380000000;30;9506136364;S
20240202;102605;203.450000000;10;9506137052;B
20240202;102610;203.450000000;10;9506137711;B
20240202;102614;203.400000000;30;9506138605;S
20240202;102616;203.400000000;30;9506138852;S
20240202;102617;203.410000000;10;9506138968;S
20240202;102617;203.400000000;20;9506138969;S
20240202;102618;203.400000000;30;9506139065;S
20240202;102618;203.400000000;30;9506139125;S
20240202;102621;203.430000000;10;9506139487;S
20240202;102621;203.410000000;20;9506139488;S
20240202;102623;203.410000000;10;9506139855;S
20240202;102623;203.430000000;10;9506139870;B
20240202;102624;203.430000000;10;9506139940;S
20240202;102624;203.400000000;100;9506139941;S
20240202;102627;203.430000000;10;9506140214;B
20240202;102631;203.430000000;10;9506140689;S
20240202;102631;203.410000000;30;9506140690;S
20240202;102631;203.400000000;40;9506140691;S
20240202;102631;203.400000000;90;9506140692;S
20240202;102633;203.440000000;10;9506140817;B
20240202;102633;203.440000000;150;9506140832;B
20240202;102635;203.430000000;10;9506141339;S
20240202;102635;203.450000000;10;9506141360;B
20240202;102636;203.450000000;90;9506141414;B
20240202;102636;203.450000000;30;9506141415;B
20240202;102636;203.460000000;80;9506141416;B
20240202;102638;203.440000000;30;9506141754;B
20240202;102638;203.450000000;40;9506141755;B
20240202;102641;203.410000000;30;9506142400;S
20240202;102648;203.420000000;10;9506143331;B
20240202;102656;203.430000000;100;9506144000;B
20240202;102656;203.430000000;100;9506144003;S
20240202;102656;203.440000000;20;9506144005;B
20240202;102657;203.440000000;100;9506144155;B
20240202;102657;203.430000000;10;9506144185;S
20240202;102702;203.470000000;10;9506144700;B
20240202;102705;203.480000000;20;9506145078;B
20240202;102710;203.470000000;10;9506145801;S
20240202;102710;203.470000000;10;9506145802;S
20240202;102716;203.480000000;20;9506146647;B
20240202;102719;203.470000000;10;9506147238;S
20240202;102722;203.470000000;100;9506147638;B
20240202;102722;203.470000000;30;9506147639;B
20240202;102722;203.480000000;50;9506147640;B
20240202;102722;203.490000000;10;9506147641;B
20240202;102722;203.490000000;100;9506147642;B
20240202;102722;203.500000000;20;9506147643;B
20240202;102722;203.500000000;70;9506147644;B
20240202;102724;203.500000000;100;9506147775;B
20240202;102725;203.500000000;50;9506148049;B
20240202;102735;203.480000000;10;9506149350;S
20240202;102736;203.490000000;100;9506149643;B
20240202;102736;203.490000000;30;9506149644;B
20240202;102736;203.500000000;280;9506149645;B
20240202;102736;203.500000000;350;9506149646;B
20240202;102739;203.500000000;90;9506150024;B
20240202;102747;203.490000000;40;9506150853;S
20240202;102749;203.490000000;10;9506151051;S
20240202;102750;203.500000000;10;9506151152;B
20240202;102750;203.500000000;20;9506151198;B
20240202;102752;203.500000000;10;9506151393;B
20240202;102752;203.500000000;20;9506151430;B
20240202;102753;203.510000000;30;9506151619;B
20240202;102753;203.520000000;10;9506151620;B
20240202;102757;203.500000000;200;9506152135;S
20240202;102802;203.520000000;70;9506152741;B
20240202;102802;203.520000000;20;9506152814;B
20240202;102809;203.500000000;350;9506153637;S
20240202;102811;203.560000000;10;9506153877;B
20240202;102811;203.580000000;30;9506153909;B
20240202;102815;203.580000000;10;9506154255;B
20240202;102820;203.580000000;60;9506154911;B
20240202;102820;203.590000000;190;9506154912;B
20240202;102821;203.590000000;20;9506155145;B
20240202;102821;203.590000000;100;9506155191;B
20240202;102821;203.590000000;30;9506155225;B
20240202;102821;203.590000000;10;9506155234;B
20240202;102823;203.600000000;500;9506155575;S
20240202;102823;203.630000000;100;9506155576;B
20240202;102823;203.640000000;10;9506155577;B
20240202;102823;203.640000000;390;9506155578;B
20240202;102823;203.600000000;500;9506155579;S
20240202;102823;203.640000000;500;9506155580;B
20240202;102823;203.600000000;500;9506155581;S
20240202;102823;203.650000000;180;9506155582;B
20240202;102823;203.650000000;10;9506155583;B
20240202;102823;203.660000000;20;9506155584;B
20240202;102823;203.670000000;290;9506155585;B
20240202;102823;203.670000000;90;9506155639;B
20240202;102824;203.670000000;20;9506155777;B
20240202;102824;203.670000000;30;9506155778;B
20240202;102829;203.650000000;90;9506156667;S
20240202;102829;203.610000000;150;9506156668;S
20240202;102829;203.610000000;90;9506156669;S
20240202;102829;203.600000000;1130;9506156670;S
20240202;102830;203.650000000;30;9506156861;S
20240202;102832;203.650000000;10;9506157393;S
20240202;102833;203.650000000;90;9506157523;S
20240202;102834;203.660000000;10;9506157678;B
20240202;102834;203.660000000;10;9506157679;B
20240202;102836;203.670000000;70;9506157899;B
20240202;102836;203.680000000;30;9506157900;B
20240202;102841;203.670000000;10;9506158481;B
20240202;102846;203.670000000;20;9506159172;B
20240202;102848;203.650000000;90;9506159629;S
20240202;102848;203.650000000;10;9506159630;S
20240202;102850;203.670000000;40;9506160091;B
20240202;102852;203.670000000;40;9506160395;B
20240202;102852;203.680000000;100;9506160396;B
20240202;102853;203.650000000;30;9506160527;S
20240202;102854;203.650000000;30;9506160784;S
20240202;102856;203.650000000;30;9506161086;S
