<DATE>;<TIME>;<LAST>;<VOL>;<ID>;<OPER>
20240226;095939;199.48;10;9696760890;S
20240226;095939;199.48;250;9696760891;S
20240226;095939;199.48;200;9696760892;S
20240226;095939;199.48;60;9696760893;S
20240226;095939;199.48;190;9696760894;S
20240226;095939;199.48;40;9696760895;S
20240226;095939;199.48;40;9696760896;S
20240226;095939;199.48;50;9696760897;S
20240226;095939;199.48;330;9696760898;S
20240226;095939;199.48;10;9696760899;S
20240226;095939;199.48;70;9696760900;S
20240226;095939;199.48;60;9696760901;S
20240226;095939;199.48;30;9696760902;S
20240226;095939;199.48;10;9696760903;S
20240226;095939;199.48;1380;9696760904;S
20240226;095939;199.48;530;9696760905;S
20240226;095939;199.48;100;9696760906;S
20240226;095939;199.48;120;9696760907;S
20240226;095939;199.48;120;9696760908;S
20240226;095939;199.48;10;9696760909;S
20240226;095939;199.48;400;9696760910;S
20240226;095939;199.48;450;9696760911;S
20240226;095939;199.48;30;9696760912;S
20240226;095939;199.48;20;9696760913;S
20240226;095939;199.48;100;9696760914;S
20240226;095939;199.48;500;9696760915;S
20240226;095939;199.48;20;9696760916;S
20240226;095939;199.48;10;9696760917;S
20240226;095939;199.48;10;9696760918;B
20240226;095939;199.48;50;9696760919;S
20240226;095939;199.48;20;9696760920;S
20240226;095939;199.48;100;9696760921;S
20240226;095939;199.48;890;9696760922;B
20240226;095939;199.48;110;9696760923;B
20240226;095939;199.48;10;9696760924;B
20240226;095939;199.48;40;9696760925;B
20240226;095939;199.48;10;9696760926;B
20240226;095939;199.48;10;9696760927;B
20240226;095939;199.48;10;9696760928;B
20240226;095939;199.48;10;9696760929;B
20240226;095939;199.48;30;9696760930;B
20240226;095939;199.48;50;9696760931;B
20240226;095939;199.48;20;9696760932;B
20240226;095939;199.48;10;9696760933;B
20240226;095939;199.48;10;9696760934;B
20240226;095939;199.48;100;9696760935;B
20240226;095939;199.48;580;9696760936;S
20240226;095939;199.48;200;9696760937;S
20240226;095939;199.48;30;9696760938;S
20240226;095939;199.48;350;9696760939;S
20240226;095939;199.48;40;9696760940;S
20240226;095939;199.48;100;9696760941;S
20240226;095939;199.48;250;9696760942;S
20240226;095939;199.48;10;9696760943;S
20240226;095939;199.48;10;9696760944;B
20240226;095939;199.48;10;9696760945;S
20240226;095939;199.48;10;9696760946;B
20240226;095939;199.48;10;9696760947;S
20240226;095939;199.48;300;9696760948;B
20240226;095939;199.48;1000;9696760949;B
20240226;095939;199.48;250;9696760950;B
20240226;095939;199.48;30;9696760951;B
20240226;095939;199.48;2500;9696760952;B
20240226;095939;199.48;50;9696760953;B
20240226;095939;199.48;300;9696760954;B
20240226;095939;199.48;30;9696760955;B
20240226;095939;199.48;100;9696760956;B
20240226;095939;199.48;200;9696760957;B
20240226;095939;199.48;120;9696760958;B
20240226;095939;199.48;20;9696760959;B
20240226;095939;199.48;260;9696760960;B
20240226;095939;199.48;1140;9696760961;B
20240226;095939;199.48;10;9696760962;B
20240226;095939;199.48;10;9696760963;S
20240226;095939;199.48;10;9696760964;S
20240226;095939;199.48;10;9696760965;B
20240226;095939;199.48;10;9696760966;B
20240226;095939;199.48;10;9696760967;S
20240226;095939;199.48;150;9696760968;B
20240226;095939;199.48;300;9696760969;S
20240226;095939;199.48;10;9696760970;B
20240226;095939;199.48;10;9696760971;S
20240226;095939;199.48;1330;9696760972;S
20240226;095939;199.48;70;9696760973;S
20240226;095939;199.48;4040;9696760974;S
20240226;095939;199.48;2140;9696760975;S
20240226;095939;199.48;320;9696760976;S
20240226;095939;199.48;200;9696760977;S
20240226;095939;199.48;390;9696760978;S
20240226;095939;199.48;200;9696760979;B
20240226;095939;199.48;1000;9696760980;S
20240226;095939;199.48;1000;9696760981;B
20240226;095939;199.48;10;9696760982;B
20240226;095939;199.48;40;9696760983;B
20240226;095939;199.48;10;9696760984;S
20240226;095939;199.48;270;9696760985;S
20240226;095939;199.48;4000;9696760986;S
20240226;095939;199.48;10;9696760987;S
20240226;095939;199.48;10;9696760988;B
20240226;095939;199.48;10;9696760989;B
20240226;095939;199.48;150;9696760990;S
20240226;095939;199.48;10;9696760991;B
20240226;095939;199.48;10;9696760992;B
20240226;095939;199.48;10;9696760993;B
20240226;095939;199.48;30;9696760994;B
20240226;095939;199.48;20;9696760995;S
20240226;095939;199.48;20;9696760996;B
20240226;095939;199.48;100;9696760997;B
20240226;095939;199.48;10;9696760998;B
20240226;095939;199.48;1060;9696760999;B
20240226;095939;199.48;10;9696761000;B
20240226;095939;199.48;10;9696761001;B
20240226;095939;199.48;20;9696761002;S
20240226;095939;199.48;300;9696761003;S
20240226;095939;199.48;10;9696761004;S
20240226;095939;199.48;10;9696761005;S
20240226;095939;199.48;10;9696761006;B
20240226;095939;199.48;10;9696761007;B
20240226;095939;199.48;10;9696761008;B
20240226;095939;199.48;10;9696761009;B
20240226;095939;199.48;40;9696761010;B
20240226;095939;199.48;10;9696761011;B
20240226;095939;199.48;10;9696761012;S
20240226;095939;199.48;10;9696761013;B
20240226;095939;199.48;10;9696761014;B
20240226;095939;199.48;10;9696761015;B
20240226;095939;199.48;10;9696761016;B
20240226;095939;199.48;10;9696761017;S
20240226;095939;199.48;300;9696761018;S
20240226;095939;199.48;10;9696761019;S
20240226;095939;199.48;10;9696761020;B
20240226;095939;199.48;10;9696761021;B
20240226;095939;199.48;20;9696761022;S
20240226;095939;199.48;10;9696761023;S
20240226;095939;199.48;10;9696761024;S
20240226;095939;199.48;10;9696761025;B
20240226;095939;199.48;30;9696761026;B
20240226;095939;199.48;10;9696761027;B
20240226;095939;199.48;50;9696761028;B
20240226;095939;199.48;150;9696761029;S
20240226;095939;199.48;10;9696761030;B
20240226;095939;199.48;10;9696761031;S
20240226;095939;199.48;30;9696761032;B
20240226;095939;199.48;10;9696761033;B
20240226;095939;199.48;10;9696761034;S
20240226;095939;199.48;10;9696761035;B
20240226;095939;199.48;20;9696761036;B
20240226;095939;199.48;50;9696761037;B
20240226;095939;199.48;100;9696761038;B
20240226;095939;199.48;30;9696761039;S
20240226;095939;199.48;150;9696761040;S
20240226;095939;199.48;20;9696761041;S
20240226;095939;199.48;50;9696761042;S
20240226;095939;199.48;250;9696761043;S
20240226;095939;199.48;10;9696761044;S
20240226;095939;199.48;20;9696761045;B
20240226;095939;199.48;30;9696761046;B
20240226;095939;199.48;10;9696761047;B
20240226;095939;199.48;10;9696761048;S
20240226;095939;199.48;30;9696761049;S
20240226;095939;199.48;10;9696761050;B
20240226;095939;199.48;10;9696761051;B
20240226;095939;199.48;40;9696761052;B
20240226;095939;199.48;20;9696761053;B
20240226;095939;199.48;30;9696761054;B
20240226;095939;199.48;150;9696761055;B
20240226;095939;199.48;50;9696761056;B
20240226;095939;199.48;10;9696761057;S
20240226;095939;199.48;10;9696761058;B
20240226;095939;199.48;50;9696761059;B
20240226;095939;199.48;10;9696761060;S
20240226;095939;199.48;10;9696761061;S
20240226;095939;199.48;10;9696761062;S
20240226;095939;199.48;10;9696761063;S
20240226;095939;199.48;150;9696761064;B
20240226;095939;199.48;10;9696761065;B
20240226;095939;199.48;500;9696761066;B
20240226;095939;199.48;150;9696761067;S
20240226;095939;199.48;10;9696761068;B
20240226;095939;199.48;20;9696761069;B
20240226;095939;199.48;50;9696761070;B
20240226;095939;199.48;10;9696761071;S
20240226;095939;199.48;10;9696761072;S
20240226;095939;199.48;50;9696761073;B
20240226;095939;199.48;10;9696761074;B
20240226;095939;199.48;50;9696761075;B
20240226;095939;199.48;10;9696761076;B
20240226;095939;199.48;10;9696761077;B
20240226;095939;199.48;150;9696761078;B
20240226;095939;199.48;3090;9696761079;B
20240226;095939;199.48;450;9696761080;B
20240226;095939;199.48;3560;9696761081;B
20240226;095939;199.48;30;9696761082;B
20240226;095939;199.48;400;9696761083;B
20240226;095939;199.48;10;9696761084;B
20240226;095939;199.48;50;9696761085;B
20240226;095939;199.48;10;9696761086;B
20240226;095939;199.48;2340;9696761087;B
20240226;095939;199.48;50;9696761088;B
20240226;095939;199.48;10;9696761089;S
20240226;095939;199.48;20;9696761090;B
20240226;095939;199.48;20;9696761091;B
20240226;095939;199.48;250;9696761092;B
20240226;095939;199.48;50;9696761093;B
20240226;095939;199.48;10;9696761094;B
20240226;095939;199.48;10;9696761095;S
20240226;095939;199.48;10;9696761096;S
20240226;095939;199.48;10;9696761097;B
20240226;095939;199.48;50;9696761098;B
20240226;095939;199.48;200;9696761099;B
20240226;095939;199.48;10;9696761100;S
20240226;095939;199.48;70;9696761101;S
20240226;095939;199.48;30;9696761102;S
20240226;095939;199.48;20;9696761103;S
20240226;095939;199.48;50;9696761104;S
20240226;095939;199.48;10;9696761105;B
20240226;095939;199.48;10;9696761106;S
20240226;095939;199.48;50;9696761107;B
20240226;095939;199.48;70;9696761108;B
20240226;095939;199.48;20;9696761109;B
20240226;095939;199.48;10;9696761110;B
20240226;095939;199.48;40;9696761111;B
20240226;095939;199.48;50;9696761112;B
20240226;095939;199.48;10;9696761113;B
20240226;095939;199.48;50;9696761114;B
20240226;095939;199.48;10;9696761115;S
20240226;095939;199.48;10;9696761116;S
20240226;095939;199.48;10;9696761117;B
20240226;095939;199.48;10;9696761118;B
20240226;095939;199.48;50;9696761119;B
20240226;095939;199.48;10;9696761120;B
20240226;095939;199.48;30;9696761121;B
20240226;095939;199.48;10;9696761122;S
20240226;095939;199.48;30;9696761123;B
20240226;095939;199.48;20;9696761124;B
20240226;095939;199.48;20;9696761125;S
20240226;095939;199.48;10;9696761126;S
20240226;095939;199.48;10;9696761127;B
20240226;095939;199.48;10;9696761128;B
20240226;095939;199.48;50;9696761129;B
20240226;095939;199.48;100;9696761130;B
20240226;095939;199.48;50;9696761131;B
20240226;095939;199.48;750;9696761132;B
20240226;095939;199.48;150;9696761133;B
20240226;095939;199.48;10;9696761134;B
20240226;095939;199.48;400;9696761135;B
20240226;095939;199.48;150;9696761136;B
20240226;095939;199.48;100;9696761137;B
20240226;095939;199.48;100;9696761138;B
20240226;095939;199.48;30;9696761139;B
20240226;095939;199.48;110;9696761140;B
20240226;095939;199.48;500;9696761141;B
20240226;095939;199.48;1000;9696761142;B
20240226;095939;199.48;50;9696761143;B
20240226;095939;199.48;30;9696761144;B
20240226;095939;199.48;170;9696761145;S
20240226;095939;199.48;100;9696761146;S
20240226;095939;199.48;230;9696761147;S
20240226;095939;199.48;20;9696761148;S
20240226;095939;199.48;10;9696761149;S
20240226;095939;199.48;240;9696761150;S
20240226;095939;199.48;10;9696761151;B
20240226;095939;199.48;10;9696761152;B
20240226;095939;199.48;10;9696761153;S
20240226;095939;199.48;10;9696761154;B
20240226;095939;199.48;320;9696761155;B
20240226;095939;199.48;10;9696761156;B
20240226;095939;199.48;70;9696761157;B
20240226;095939;199.48;50;9696761158;B
20240226;095939;199.48;130;9696761159;S
20240226;095939;199.48;10;9696761160;S
20240226;095939;199.48;10;9696761161;S
20240226;095939;199.48;20;9696761162;B
20240226;095939;199.48;320;9696761163;B
20240226;095939;199.48;660;9696761164;B
20240226;095939;199.48;10;9696761165;B
20240226;095939;199.48;10;9696761166;B
20240226;095939;199.48;50;9696761167;B
20240226;095939;199.48;40;9696761168;B
20240226;095939;199.48;20;9696761169;B
20240226;095939;199.48;50;9696761170;B
20240226;095939;199.48;660;9696761171;B
20240226;095939;199.48;340;9696761172;B
20240226;095939;199.48;10;9696761173;S
20240226;095939;199.48;10;9696761174;B
20240226;095939;199.48;10;9696761175;B
20240226;095939;199.48;90;9696761176;B
20240226;095939;199.48;10;9696761177;B
20240226;095939;199.48;50;9696761178;B
20240226;095939;199.48;40;9696761179;B
20240226;095939;199.48;70;9696761180;B
20240226;095939;199.48;10;9696761181;B
20240226;095939;199.48;10;9696761182;B
20240226;095939;199.48;10;9696761183;B
20240226;095939;199.48;10;9696761184;B
20240226;095939;199.48;690;9696761185;B
20240226;095939;199.48;50;9696761186;B
20240226;095939;199.48;20;9696761187;B
20240226;095939;199.48;60;9696761188;B
20240226;095939;199.48;90;9696761189;B
20240226;095939;199.48;270;9696761190;B
20240226;095939;199.48;1000;9696761191;B
20240226;095939;199.48;30;9696761192;B
20240226;095939;199.48;1000;9696761193;S
20240226;095939;199.48;30;9696761194;S
20240226;095939;199.48;20;9696761195;S
20240226;095939;199.48;70;9696761196;S
20240226;095939;199.48;10;9696761197;S
20240226;095939;199.48;920;9696761198;S
20240226;095939;199.48;10;9696761199;S
20240226;095939;199.48;10;9696761200;B
20240226;095939;199.48;10;9696761201;B
20240226;095939;199.48;50;9696761202;B
20240226;095939;199.48;10;9696761203;B
20240226;095939;199.48;50;9696761204;B
20240226;095939;199.48;10;9696761205;B
20240226;095939;199.48;20;9696761206;B
20240226;095939;199.48;30;9696761207;B
20240226;095939;199.48;10;9696761208;B
20240226;095939;199.48;500;9696761209;S
20240226;095939;199.48;50;9696761210;B
20240226;095939;199.48;390;9696761211;S
20240226;095939;199.48;200;9696761212;S
20240226;095939;199.48;10;9696761213;S
20240226;095939;199.48;50;9696761214;B
20240226;095939;199.48;10;9696761215;B
20240226;095939;199.48;10;9696761216;B
20240226;095939;199.48;20;9696761217;B
20240226;095939;199.48;10;9696761218;B
20240226;095939;199.48;20;9696761219;B
20240226;095939;199.48;60;9696761220;B
20240226;095939;199.48;10;9696761221;S
20240226;095939;199.48;50;9696761222;B
20240226;095939;199.48;10;9696761223;B
20240226;095939;199.48;850;9696761224;B
20240226;095939;199.48;490;9696761225;B
20240226;095939;199.48;250;9696761226;B
20240226;095939;199.48;1710;9696761227;B
20240226;095939;199.48;400;9696761228;B
20240226;095939;199.48;50;9696761229;B
20240226;095939;199.48;10;9696761230;B
20240226;095939;199.48;10;9696761231;B
20240226;095939;199.48;10;9696761232;B
20240226;095939;199.48;40;9696761233;B
20240226;095939;199.48;10;9696761234;B
20240226;095939;199.48;50;9696761235;B
20240226;095939;199.48;10;9696761236;B
20240226;095939;199.48;10;9696761237;B
20240226;095939;199.48;50;9696761238;B
20240226;095939;199.48;10;9696761239;B
20240226;095939;199.48;10;9696761240;B
20240226;095939;199.48;10;9696761241;B
20240226;095939;199.48;1000;9696761242;B
20240226;095939;199.48;10;9696761243;B
20240226;095939;199.48;50;9696761244;B
20240226;095939;199.48;10;9696761245;B
20240226;095939;199.48;30;9696761246;S
20240226;095939;199.48;10;9696761247;S
20240226;095939;199.48;10;9696761248;B
20240226;095939;199.48;20;9696761249;B
20240226;095939;199.48;10;9696761250;B
20240226;095939;199.48;1200;9696761251;B
20240226;095939;199.48;600;9696761252;B
20240226;095939;199.48;260;9696761253;B
20240226;095939;199.48;20;9696761254;B
20240226;095939;199.48;200;9696761255;B
20240226;095939;199.48;20;9696761256;B
20240226;095939;199.48;10;9696761257;B
20240226;095939;199.48;150;9696761258;B
20240226;095939;199.48;270;9696761259;B
20240226;095939;199.48;50;9696761260;B
20240226;095939;199.48;100;9696761261;B
20240226;095939;199.48;2590;9696761262;B
20240226;095939;199.48;40;9696761263;B
20240226;095939;199.48;40;9696761264;B
20240226;095939;199.48;20;9696761265;B
20240226;095939;199.48;40;9696761266;B
20240226;095939;199.48;50;9696761267;B
20240226;095939;199.48;1910;9696761268;B
20240226;095939;199.48;70;9696761269;S
20240226;095939;199.48;20;9696761270;S
20240226;095939;199.48;50;9696761271;B
20240226;095939;199.48;10;9696761272;B
20240226;095939;199.48;10;9696761273;B
20240226;095939;199.48;10;9696761274;B
20240226;095939;199.48;10;9696761275;B
20240226;095939;199.48;2910;9696761276;S
20240226;095939;199.48;1000;9696761277;S
20240226;095939;199.48;40;9696761278;S
20240226;095939;199.48;10;9696761279;S
20240226;095939;199.48;30;9696761280;S
20240226;095939;199.48;490;9696761281;S
20240226;095939;199.48;40;9696761282;S
20240226;095939;199.48;500;9696761283;S
20240226;095939;199.48;40;9696761284;S
20240226;095939;199.48;1940;9696761285;S
20240226;095939;199.48;50;9696761286;B
20240226;095939;199.48;250;9696761287;B
20240226;095939;199.48;10;9696761288;B
20240226;095939;199.48;50;9696761289;B
20240226;095939;199.48;10;9696761290;B
20240226;095939;199.48;10;9696761291;B
20240226;095939;199.48;10;9696761292;B
20240226;095939;199.48;10;9696761293;B
20240226;095939;199.48;50;9696761294;B
20240226;095939;199.48;10;9696761295;S
20240226;095939;199.48;630;9696761296;B
20240226;095939;199.48;10;9696761297;B
20240226;095939;199.48;10;9696761298;B
20240226;095939;199.48;10;9696761299;B
20240226;095939;199.48;40;9696761300;B
20240226;095939;199.48;10;9696761301;B
20240226;095939;199.48;10;9696761302;S
20240226;095939;199.48;10;9696761303;S
20240226;095939;199.48;280;9696761304;S
20240226;095939;199.48;10;9696761305;B
20240226;095939;199.48;10;9696761306;B
20240226;095939;199.48;10;9696761307;B
20240226;095939;199.48;20;9696761308;S
20240226;095939;199.48;10;9696761309;B
20240226;095939;199.48;10;9696761310;B
20240226;095939;199.48;90;9696761311;B
20240226;095939;199.48;50;9696761312;B
20240226;095939;199.48;30;9696761313;B
20240226;095939;199.48;10;9696761314;B
20240226;095939;199.48;100;9696761315;B
20240226;095939;199.48;10;9696761316;B
20240226;095939;199.48;30;9696761317;B
20240226;095939;199.48;10;9696761318;B
20240226;095939;199.48;50;9696761319;B
20240226;095939;199.48;120;9696761320;S
20240226;095939;199.48;180;9696761321;S
20240226;095939;199.48;10;9696761322;B
20240226;095939;199.48;50;9696761323;B
20240226;095939;199.48;10;9696761324;B
20240226;095939;199.48;10;9696761325;B
20240226;095939;199.48;20;9696761326;S
20240226;095939;199.48;220;9696761327;S
20240226;095939;199.48;80;9696761328;S
20240226;095939;199.48;220;9696761329;B
20240226;095939;199.48;10;9696761330;B
20240226;095939;199.48;190;9696761331;B
20240226;095939;199.48;50;9696761332;B
20240226;095939;199.48;50;9696761333;B
20240226;095939;199.48;10;9696761334;B
20240226;095939;199.48;220;9696761335;B
20240226;095939;199.48;30;9696761336;B
20240226;095939;199.48;60;9696761337;B
20240226;095939;199.48;50;9696761338;B
20240226;095939;199.48;440;9696761339;B
20240226;095939;199.48;20;9696761340;B
20240226;095939;199.48;40;9696761341;B
20240226;095939;199.48;40;9696761342;B
20240226;095939;199.48;80;9696761343;B
20240226;095939;199.48;10;9696761344;B
20240226;095939;199.48;200;9696761345;B
20240226;095939;199.48;50;9696761346;B
20240226;095939;199.48;100;9696761347;S
20240226;095939;199.48;20;9696761348;S
20240226;095939;199.48;460;9696761349;S
20240226;095939;199.48;10;9696761350;S
20240226;095939;199.48;2000;9696761351;S
20240226;095939;199.48;30;9696761352;S
20240226;095939;199.48;50;9696761353;B
20240226;095939;199.48;10;9696761354;B
20240226;095939;199.48;10;9696761355;B
20240226;095939;199.48;50;9696761356;B
20240226;095939;199.48;20;9696761357;B
20240226;095939;199.48;10;9696761358;B
20240226;095939;199.48;50;9696761359;B
20240226;095939;199.48;10;9696761360;B
20240226;095939;199.48;10;9696761361;S
20240226;095939;199.48;10;9696761362;B
20240226;095939;199.48;1000;9696761363;B
20240226;095939;199.48;40;9696761364;B
20240226;095939;199.48;200;9696761365;B
20240226;095939;199.48;80;9696761366;B
20240226;095939;199.48;500;9696761367;B
20240226;095939;199.48;680;9696761368;B
20240226;095939;199.48;30;9696761369;B
20240226;095939;199.48;200;9696761370;B
20240226;095939;199.48;90;9696761371;B
20240226;095939;199.48;300;9696761372;B
20240226;095939;199.48;30;9696761373;B
20240226;095939;199.48;10;9696761374;S
20240226;095939;199.48;10;9696761375;B
20240226;095939;199.48;670;9696761376;B
20240226;095939;199.48;290;9696761377;B
20240226;095939;199.48;40;9696761378;B
20240226;095939;199.48;10;9696761379;B
20240226;095939;199.48;20;9696761380;B
20240226;095939;199.48;80;9696761381;B
20240226;095939;199.48;920;9696761382;B
20240226;095939;199.48;2500;9696761383;B
20240226;095939;199.48;100;9696761384;B
20240226;095939;199.48;50;9696761385;B
20240226;095939;199.48;100;9696761386;B
20240226;095939;199.48;100;9696761387;B
20240226;095939;199.48;500;9696761388;B
20240226;095939;199.48;50;9696761389;B
20240226;095939;199.48;1100;9696761390;B
20240226;095939;199.48;100;9696761391;B
20240226;095939;199.48;30;9696761392;B
20240226;095939;199.48;400;9696761393;B
20240226;095939;199.48;30;9696761394;B
20240226;095939;199.48;600;9696761395;B
20240226;095939;199.48;10;9696761396;B
20240226;095939;199.48;480;9696761397;B
20240226;095939;199.48;1000;9696761398;B
20240226;095939;199.48;800;9696761399;B
20240226;095939;199.48;1130;9696761400;B
20240226;095939;199.48;10;9696761401;B
20240226;095939;199.48;100;9696761402;B
20240226;095939;199.48;20;9696761403;B
20240226;095939;199.48;10;9696761404;B
20240226;095939;199.48;20;9696761405;B
20240226;095939;199.48;1710;9696761406;B
20240226;095939;199.48;790;9696761407;B
20240226;095939;199.48;210;9696761408;B
20240226;095939;199.48;290;9696761409;B
20240226;095939;199.48;3000;9696761410;B
20240226;095939;199.48;10;9696761411;B
20240226;095939;199.48;10;9696761412;B
20240226;095939;199.48;10;9696761413;B
20240226;095939;199.48;10;9696761414;B
20240226;095939;199.48;400;9696761415;B
20240226;095939;199.48;10;9696761416;B
20240226;095939;199.48;30;9696761417;B
20240226;095939;199.48;2540;9696761418;B
20240226;095939;199.48;20;9696761419;B
20240226;095939;199.48;20;9696761420;B
20240226;095939;199.48;1000;9696761421;S
20240226;095939;199.48;10;9696761422;B
20240226;095939;199.48;2640;9696761423;B
20240226;095939;199.48;80;9696761424;B
20240226;095939;199.48;70;9696761425;B
20240226;095939;199.48;220;9696761426;B
20240226;095939;199.48;500;9696761427;B
20240226;095939;199.48;100;9696761428;B
20240226;095939;199.48;10;9696761429;B
20240226;095939;199.48;10;9696761430;B
20240226;095939;199.48;100;9696761431;B
20240226;095939;199.48;1900;9696761432;B
20240226;095939;199.48;2510;9696761433;B
20240226;095939;199.48;1860;9696761434;B
20240226;095939;199.48;10;9696761435;B
20240226;095939;199.48;20;9696761436;B
20240226;095939;199.48;20;9696761437;B
20240226;095939;199.48;10;9696761438;B
20240226;095939;199.48;10;9696761439;B
20240226;095939;199.48;50;9696761440;B
20240226;095939;199.48;100;9696761441;B
20240226;095939;199.48;500;9696761442;B
20240226;095939;199.48;30;9696761443;B
20240226;095939;199.48;20;9696761444;B
20240226;095939;199.48;10;9696761445;B
20240226;095939;199.48;300;9696761446;B
20240226;095939;199.48;160;9696761447;B
20240226;095939;199.48;100;9696761448;B
20240226;095939;199.48;410;9696761449;B
20240226;095939;199.48;10;9696761450;B
20240226;095939;199.48;100;9696761451;B
20240226;095939;199.48;200;9696761452;B
20240226;095939;199.48;30;9696761453;S
20240226;095939;199.48;70;9696761454;B
20240226;095939;199.48;50;9696761455;B
20240226;095939;199.48;500;9696761456;B
20240226;095939;199.48;380;9696761457;S
20240226;095939;199.48;10;9696761458;B
20240226;095939;199.48;60;9696761459;B
20240226;095939;199.48;200;9696761460;B
20240226;095939;199.48;10;9696761461;S
20240226;095939;199.48;10;9696761462;S
20240226;095939;199.48;240;9696761463;S
20240226;095939;199.48;30;9696761464;S
20240226;095939;199.48;9450;9696761465;S
20240226;095939;199.48;460;9696761466;S
20240226;095939;199.48;50;9696761467;S
20240226;095939;199.48;80;9696761468;S
20240226;095939;199.48;10;9696761469;S
20240226;095939;199.48;20;9696761470;S
20240226;095939;199.48;20;9696761471;S
20240226;095939;199.48;10;9696761472;S
20240226;095939;199.48;400;9696761473;S
20240226;095939;199.48;10;9696761474;B
20240226;095939;199.48;10;9696761475;B
20240226;095939;199.48;10;9696761476;B
20240226;095939;199.48;70;9696761477;S
20240226;095939;199.48;10;9696761478;S
20240226;095939;199.48;30;9696761479;S
20240226;095939;199.48;890;9696761480;S
20240226;095939;199.48;10;9696761481;B
20240226;095939;199.48;100;9696761482;B
20240226;095939;199.48;100;9696761483;S
20240226;095939;199.48;100;9696761484;S
20240226;095939;199.48;260;9696761485;B
20240226;095939;199.48;10;9696761486;B
20240226;095939;199.48;20;9696761487;B
20240226;095939;199.48;60;9696761488;B
20240226;095939;199.48;950;9696761489;S
20240226;095939;199.48;10;9696761490;S
20240226;095939;199.48;40;9696761491;S
20240226;095939;199.48;1960;9696761492;B
20240226;095939;199.48;540;9696761493;B
20240226;095939;199.48;50;9696761494;S
20240226;095939;199.48;410;9696761495;S
20240226;095939;199.48;100;9696761496;S
20240226;095939;199.48;40;9696761497;S
20240226;095939;199.48;100;9696761498;S
20240226;095939;199.48;20;9696761499;S
20240226;095939;199.48;80;9696761500;S
20240226;095939;199.48;4250;9696761501;S
20240226;095939;199.48;3330;9696761502;S
20240226;095939;199.48;100;9696761503;S
20240226;095939;199.48;7460;9696761504;S
20240226;095939;199.48;2150;9696761505;S
20240226;095939;199.48;40;9696761506;S
20240226;095939;199.48;500;9696761507;S
20240226;095939;199.48;1000;9696761508;S
20240226;095939;199.48;360;9696761509;B
20240226;095939;199.48;5060;9696761510;B
20240226;095939;199.48;10;9696761511;B
20240226;095939;199.48;50;9696761512;B
20240226;095939;199.48;200;9696761513;B
20240226;095939;199.48;90;9696761514;B
20240226;095939;199.48;270;9696761515;B
20240226;095939;199.48;30;9696761516;B
20240226;095939;199.48;10;9696761517;B
20240226;095939;199.48;540;9696761518;B
20240226;095939;199.48;650;9696761519;B
20240226;095939;199.48;370;9696761520;B
20240226;095939;199.48;630;9696761521;S
20240226;095939;199.48;1000;9696761522;S
20240226;095939;199.48;500;9696761523;S
20240226;095939;199.48;1000;9696761524;S
20240226;095939;199.48;10;9696761525;S
20240226;095939;199.48;10;9696761526;S
20240226;095939;199.48;1850;9696761527;S
20240226;095939;199.48;10;9696761528;S
20240226;095939;199.48;10;9696761529;B
20240226;095939;199.48;10;9696761530;S
20240226;095939;199.48;30;9696761531;B
20240226;095939;199.48;10;9696761532;B
20240226;095939;199.48;10;9696761533;B
20240226;095939;199.48;1000;9696761534;B
20240226;095939;199.48;10;9696761535;B
20240226;095939;199.48;10;9696761536;B
20240226;095939;199.48;10;9696761537;S
20240226;095939;199.48;30;9696761538;B
20240226;095939;199.48;10;9696761539;B
20240226;095939;199.48;5600;9696761540;B
20240226;095939;199.48;100;9696761541;B
20240226;095939;199.48;10;9696761542;B
20240226;095939;199.48;1000;9696761543;B
20240226;095939;199.48;700;9696761544;B
20240226;095939;199.48;300;9696761545;B
20240226;095939;199.48;200;9696761546;B
20240226;095939;199.48;10;9696761547;B
20240226;095939;199.48;70;9696761548;B
20240226;095939;199.48;10;9696761549;B
20240226;095939;199.48;950;9696761550;B
20240226;095939;199.48;250;9696761551;B
20240226;095939;199.48;10;9696761552;B
20240226;095939;199.48;40;9696761553;B
20240226;095939;199.48;180;9696761554;B
20240226;095939;199.48;10;9696761555;B
20240226;095939;199.48;770;9696761556;B
20240226;095939;199.48;30;9696761557;B
20240226;095939;199.48;10;9696761558;B
20240226;095939;199.48;2190;9696761559;B
20240226;095939;199.48;500;9696761560;B
20240226;095939;199.48;1000;9696761561;S
20240226;095939;199.48;10;9696761562;B
20240226;095939;199.48;2300;9696761563;S
20240226;095939;199.48;700;9696761564;S
20240226;095939;199.48;100;9696761565;S
20240226;095939;199.48;10;9696761566;B
20240226;095939;199.48;10;9696761567;S
20240226;095939;199.48;10;9696761568;B
20240226;095939;199.48;70;9696761569;B
20240226;095939;199.48;10;9696761570;B
20240226;095939;199.48;100;9696761571;B
20240226;095939;199.48;10;9696761572;B
20240226;095939;199.48;100;9696761573;B
20240226;095939;199.48;10;9696761574;B
20240226;095939;199.48;5000;9696761575;S
20240226;095939;199.48;500;9696761576;B
20240226;095939;199.48;30;9696761577;B
20240226;095939;199.48;30;9696761578;S
20240226;095939;199.48;1000;9696761579;B
20240226;095939;199.48;10;9696761580;B
20240226;095939;199.48;10;9696761581;B
20240226;095939;199.48;10;9696761582;B
20240226;095939;199.48;120;9696761583;B
20240226;095939;199.48;20;9696761584;B
20240226;095939;199.48;1000;9696761585;S
20240226;095939;199.48;100;9696761586;B
20240226;095939;199.48;70;9696761587;B
20240226;095939;199.48;20;9696761588;B
20240226;095939;199.48;100;9696761589;B
20240226;095939;199.48;150;9696761590;B
20240226;095939;199.48;60;9696761591;S
20240226;095939;199.48;100;9696761592;S
20240226;095939;199.48;500;9696761593;S
20240226;095939;199.48;5000;9696761594;S
20240226;095939;199.48;500;9696761595;S
20240226;095939;199.48;10;9696761596;S
20240226;095939;199.48;10;9696761597;B
20240226;095939;199.48;1000;9696761598;B
20240226;095939;199.48;250;9696761599;B
20240226;095939;199.48;410;9696761600;B
20240226;095939;199.48;500;9696761601;B
20240226;095939;199.48;10;9696761602;B
20240226;095939;199.48;40;9696761603;B
20240226;095939;199.48;10;9696761604;B
20240226;095939;199.48;30;9696761605;S
20240226;095939;199.48;10;9696761606;B
20240226;095939;199.48;2000;9696761607;S
20240226;095939;199.48;10;9696761608;B
20240226;095939;199.48;20;9696761609;S
20240226;095939;199.48;2500;9696761610;B
20240226;095939;199.48;2730;9696761611;S
20240226;095939;199.48;970;9696761612;S
20240226;095939;199.48;10;9696761613;S
20240226;095939;199.48;10;9696761614;S
20240226;095939;199.48;60;9696761615;S
20240226;095939;199.48;2990;9696761616;S
20240226;095939;199.48;10000;9696761617;S
20240226;095939;199.48;500;9696761618;S
20240226;095939;199.48;100;9696761619;S
20240226;095939;199.48;250;9696761620;S
20240226;095939;199.48;7500;9696761621;S
20240226;095939;199.48;50;9696761622;S
20240226;095939;199.48;200;9696761623;S
20240226;095939;199.48;150;9696761624;S
20240226;095939;199.48;240;9696761625;S
20240226;100000;199.48;200;9696775765;B
20240226;100000;199.48;200;9696775766;B
20240226;100000;199.47;100;9696775807;B
20240226;100000;199.48;200;9696775811;B
20240226;100000;199.48;200;9696775909;B
20240226;100000;199.48;200;9696775910;B
20240226;100000;199.49;10;9696775911;B
20240226;100000;199.5;10;9696775912;B
20240226;100000;199.5;150;9696775913;B
20240226;100000;199.5;20;9696775914;B
20240226;100000;199.5;10;9696775915;B
20240226;100000;199.49;100;9696776199;S
20240226;100000;199.49;600;9696776200;S
20240226;100000;199.49;100;9696776201;S
20240226;100000;199.49;140;9696776277;B
20240226;100000;199.49;60;9696776279;B
20240226;100000;199.5;240;9696776280;B
20240226;100000;199.5;20;9696776292;B
20240226;100000;199.49;400;9696776302;S
20240226;100000;199.49;400;9696776320;S
20240226;100000;199.08;250;9696776490;B
20240226;100000;199.5;730;9696776491;B
20240226;100000;199.5;20;9696776492;B
20240226;100000;199.5;20;9696776598;B
20240226;100000;199.49;1000;9696776720;B
20240226;100000;199.5;460;9696776721;B
20240226;100000;199.53;230;9696776755;B
20240226;100000;199.53;270;9696776756;B
20240226;100000;199.53;40;9696776845;B
20240226;100000;199.01;550;9696776855;S
20240226;100000;199.01;30;9696776904;S
20240226;100000;199.53;20;9696776930;B
20240226;100000;199.53;260;9696776931;B
20240226;100000;199.48;10;9696776946;B
20240226;100000;199.51;70;9696776952;B
20240226;100000;199.53;30;9696776953;B
20240226;100000;199.53;40;9696776954;B
20240226;100000;199.53;10;9696776955;B
20240226;100000;199.53;30;9696776956;B
20240226;100000;199.54;130;9696776957;B
20240226;100000;199.55;10;9696776958;B
20240226;100000;199.56;400;9696776959;B
20240226;100000;199.57;30;9696776960;B
20240226;100000;199.6;20;9696776961;B
20240226;100000;199.61;10;9696776962;B
20240226;100000;199.69;10;9696776963;B
20240226;100000;199.75;10;9696776964;B
20240226;100000;199.77;60;9696776965;B
20240226;100000;199.79;140;9696776966;B
20240226;100000;199.49;100;9696776979;S
20240226;100000;199.49;100;9696776986;S
20240226;100000;199.49;90;9696776991;S
20240226;100000;199.48;240;9696777155;B
20240226;100000;199.47;110;9696777163;S
20240226;100000;199.47;30;9696777182;S
20240226;100000;199.48;130;9696777183;B
20240226;100000;199.48;50;9696777184;B
20240226;100000;199.48;10;9696777185;B
20240226;100000;199.48;40;9696777186;B
20240226;100000;199.48;40;9696777187;B
20240226;100000;199.48;40;9696777188;B
20240226;100000;199.48;100;9696777189;B
20240226;100000;199.48;30;9696777190;B
20240226;100000;199.48;40;9696777191;B
20240226;100000;199.48;50;9696777192;B
20240226;100000;199.47;340;9696777207;S
20240226;100000;199.47;20;9696777223;S
20240226;100000;199.02;80;9696777224;S
20240226;100000;199.02;420;9696777247;S
20240226;100000;199;80;9696777248;S
20240226;100000;199.48;50;9696777267;B
20240226;100000;199.48;550;9696777268;B
20240226;100000;199.48;190;9696777269;B
20240226;100000;199.48;20;9696777276;B
20240226;100000;199.03;950;9696777278;S
20240226;100000;199;920;9696777279;S
20240226;100000;198.98;100;9696777280;S
20240226;100000;198.98;280;9696777281;S
20240226;100000;198.98;20;9696777331;S
20240226;100000;198.96;80;9696777332;S
20240226;100000;198.86;180;9696777333;S
20240226;100000;199.48;10;9696777354;B
20240226;100000;199.4;80;9696777356;S
20240226;100000;198.86;20;9696777357;S
20240226;100000;198.86;900;9696777358;S
20240226;100000;199.48;10;9696777436;B
20240226;100000;199.48;270;9696777505;B
20240226;100000;199.48;10;9696777506;B
20240226;100000;199.48;20;9696777507;B
20240226;100000;199.48;30;9696777540;B
20240226;100000;199.48;130;9696777541;B
20240226;100000;199.48;40;9696777542;B
20240226;100000;199.48;200;9696777543;B
20240226;100000;199.48;10;9696777555;B
20240226;100000;199.05;10;9696777574;S
20240226;100000;199.03;20;9696777575;S
20240226;100000;199.48;90;9696777595;B
20240226;100000;199.48;10;9696777596;B
20240226;100000;199.48;500;9696777618;B
20240226;100000;199.48;100;9696777648;B
20240226;100000;199.06;10;9696777745;B
20240226;100000;199.06;90;9696777749;B
20240226;100000;199.47;660;9696777787;B
20240226;100000;199.47;100;9696777804;B
20240226;100000;198.95;10;9696777808;S
20240226;100000;199.47;150;9696777823;B
20240226;100001;198.87;500;9696777890;S
20240226;100001;198.86;100;9696777891;S
20240226;100001;198.86;10;9696777892;S
20240226;100001;198.85;300;9696777893;B
20240226;100001;198.85;200;9696777905;B
20240226;100001;198.85;1500;9696777912;B
20240226;100001;198.85;500;9696777918;B
20240226;100001;198.85;1000;9696777981;B
20240226;100001;198.85;20;9696777992;B
20240226;100001;198.85;400;9696778003;B
20240226;100001;198.85;300;9696778042;B
20240226;100001;198.85;50;9696778053;B
20240226;100001;198.85;30;9696778078;B
20240226;100001;198.85;700;9696778079;B
20240226;100001;198.8;20;9696778101;S
20240226;100001;198.85;10;9696778143;B
20240226;100001;198.85;4380;9696778223;B
20240226;100001;198.87;120;9696778224;B
20240226;100001;199.06;1000;9696778225;B
20240226;100001;199.09;10;9696778226;B
20240226;100001;199.09;10;9696778227;B
20240226;100001;199.46;4400;9696778228;B
20240226;100001;199.48;970;9696778229;B
20240226;100001;199.48;50;9696778230;B
20240226;100001;199.48;80;9696778231;B
20240226;100001;199.48;250;9696778232;B
20240226;100001;199.48;50;9696778233;B
20240226;100001;199.48;50;9696778234;B
20240226;100001;199.48;50;9696778235;B
20240226;100001;199.48;250;9696778236;B
20240226;100001;199.48;310;9696778237;B
20240226;100001;199.48;100;9696778238;B
20240226;100001;199.48;10;9696778239;B
20240226;100001;199.48;10;9696778240;B
20240226;100001;199.48;100;9696778241;B
20240226;100001;199.49;300;9696778242;B
20240226;100001;199.49;300;9696778243;B
20240226;100001;199.53;10;9696778244;B
20240226;100001;199.53;10;9696778245;B
20240226;100001;199.53;40;9696778246;B
20240226;100001;199.53;40;9696778247;B
20240226;100001;199.53;40;9696778248;B
20240226;100001;199.53;40;9696778249;B
20240226;100001;199.56;50;9696778250;B
20240226;100001;199.56;50;9696778251;B
20240226;100001;199.78;950;9696778252;B
20240226;100001;199.78;970;9696778253;B
20240226;100001;198.85;40;9696778382;B
20240226;100001;199.08;100;9696778383;B
20240226;100001;199.78;80;9696778384;B
20240226;100001;199.78;500;9696778399;B
20240226;100001;199.47;100;9696778483;B
20240226;100001;199.54;50;9696778527;B
20240226;100001;199.53;60;9696778652;B
20240226;100001;198.82;40;9696778703;S
20240226;100001;199.48;30;9696778772;B
20240226;100001;199.48;20;9696778784;B
20240226;100001;199.48;150;9696778807;B
20240226;100001;199.48;300;9696778808;B
20240226;100001;199.75;500;9696778809;B
20240226;100001;199.75;100;9696778810;B
20240226;100001;199.45;10;9696778860;S
20240226;100001;198.86;300;9696778862;S
20240226;100001;198.86;400;9696778863;S
20240226;100001;198.86;300;9696778864;S
20240226;100001;198.84;300;9696778865;S
20240226;100001;198.84;2500;9696778895;S
20240226;100001;198.86;400;9696778897;S
20240226;100001;198.85;150;9696778898;S
20240226;100001;198.84;750;9696778899;S
20240226;100001;199.48;20;9696778911;B
20240226;100001;199.76;1200;9696778912;B
20240226;100001;199.77;150;9696778913;B
20240226;100001;199.78;350;9696778914;B
20240226;100001;199.79;280;9696778915;B
20240226;100001;199.47;1000;9696778968;B
20240226;100001;199.48;10;9696779017;B
20240226;100001;199.76;510;9696779018;B
20240226;100001;199.46;20;9696779033;S
20240226;100001;199.46;180;9696779062;S
20240226;100001;199.48;10;9696779080;B
20240226;100001;199.47;80;9696779160;B
20240226;100001;198.9;200;9696779342;S
20240226;100001;198.9;40;9696779392;S
20240226;100001;199.29;1000;9696779394;B
20240226;100001;199.3;20;9696779395;B
20240226;100001;199.31;150;9696779396;B
20240226;100001;199.4;500;9696779397;B
20240226;100001;199.45;500;9696779398;B
20240226;100001;199.48;80;9696779399;B
20240226;100001;199.48;20;9696779400;B
20240226;100001;199.48;90;9696779401;B
20240226;100001;199.48;20;9696779402;B
20240226;100001;199.61;50;9696779403;B
20240226;100001;199.78;2570;9696779404;B
20240226;100001;199.78;300;9696779405;B
20240226;100001;198.91;10;9696779465;S
20240226;100001;198.92;20;9696779473;S
20240226;100001;199.77;40;9696779486;B
20240226;100001;199.37;20;9696779526;S
20240226;100001;199.37;10;9696779551;S
20240226;100001;198.92;10;9696779559;S
20240226;100001;198.92;10;9696779560;S
20240226;100001;198.91;10;9696779585;S
20240226;100001;199.47;30;9696779600;B
20240226;100002;199.25;30;9696779782;S
20240226;100002;199.02;70;9696779783;S
20240226;100002;199.47;970;9696779787;B
20240226;100002;199.48;10;9696779788;B
20240226;100002;199.48;10;9696779789;B
20240226;100002;199.48;10;9696779790;B
20240226;100002;199.48;160;9696779791;B
20240226;100002;199.48;10;9696779792;B
20240226;100002;199.48;10;9696779793;B
20240226;100002;199.48;50;9696779794;B
20240226;100002;199.75;1370;9696779795;B
20240226;100002;199.03;100;9696779801;S
20240226;100002;199.03;10;9696779803;S
20240226;100002;199.48;300;9696779855;B
20240226;100002;199.49;30;9696779856;B
20240226;100002;199.13;200;9696779901;S
20240226;100002;199.14;1000;9696780150;S
20240226;100002;199.06;500;9696780151;S
20240226;100002;199.16;300;9696780249;S
20240226;100002;199.16;10;9696780250;S
20240226;100002;199.16;600;9696780303;S
20240226;100002;199.16;30;9696780304;S
20240226;100002;199.24;20;9696780367;S
20240226;100002;199.16;100;9696780368;S
20240226;100002;199.16;250;9696780384;S
20240226;100002;199.16;90;9696780385;S
20240226;100002;199.15;160;9696780386;S
20240226;100002;199.15;250;9696780388;S
20240226;100002;199.17;110;9696780413;S
20240226;100002;199.17;10;9696780460;S
20240226;100002;199.17;200;9696780495;S
20240226;100002;199.25;200;9696780645;S
20240226;100002;199.25;350;9696780668;S
20240226;100002;199.08;690;9696780669;S
20240226;100002;199.45;1580;9696780671;B
20240226;100002;199.45;1000;9696780672;B
20240226;100002;199.46;30;9696780673;B
20240226;100002;199.46;50;9696780674;B
20240226;100002;199.46;60;9696780675;B
20240226;100002;199.46;80;9696780676;B
20240226;100002;199.46;20;9696780677;B
20240226;100002;199.48;50;9696780678;B
20240226;100002;199.5;10;9696780679;B
20240226;100002;199.7;400;9696780680;B
20240226;100002;199.79;5000;9696780681;B
20240226;100002;199.8;10;9696780682;B
20240226;100002;199.8;10;9696780683;B
20240226;100002;199.8;550;9696780684;B
20240226;100002;199.81;540;9696780685;B
20240226;100002;199.84;10;9696780686;B
20240226;100002;199.85;200;9696780687;B
20240226;100002;199.9;20;9696780688;B
20240226;100002;199.9;380;9696780689;B
20240226;100002;199.08;500;9696780700;S
20240226;100002;199.07;10;9696780707;S
20240226;100002;199.88;500;9696780777;B
20240226;100002;199.88;120;9696780778;B
20240226;100002;199.72;160;9696780827;B
20240226;100002;199.88;840;9696780828;B
20240226;100002;199.87;200;9696780833;B
20240226;100002;199.48;10;9696780881;B
20240226;100002;199.11;10;9696780917;S
20240226;100002;199.44;600;9696780920;B
20240226;100002;199.32;30;9696780930;S
20240226;100002;199.32;500;9696780940;S
20240226;100002;199.44;500;9696780998;B
20240226;100002;199.44;100;9696781077;B
20240226;100002;199.17;500;9696781078;S
20240226;100002;199.44;380;9696781084;B
20240226;100002;199.5;300;9696781085;B
20240226;100002;199.5;100;9696781092;B
20240226;100002;199.46;120;9696781100;S
20240226;100002;199.46;40;9696781101;S
20240226;100002;199.83;270;9696781117;B
20240226;100002;199.83;200;9696781127;B
20240226;100002;199.46;10;9696781141;S
20240226;100002;199.82;280;9696781163;B
20240226;100002;199.81;60;9696781216;B
20240226;100002;199.86;250;9696781242;B
20240226;100002;199.89;50;9696781243;B
20240226;100002;199.62;500;9696781269;S
20240226;100002;199.62;30;9696781282;S
20240226;100002;199.14;20;9696781286;S
20240226;100002;199.12;80;9696781287;S
20240226;100002;199.18;500;9696781341;S
20240226;100002;199.19;20;9696781366;S
20240226;100002;199.19;150;9696781375;S
20240226;100002;199.19;30;9696781409;S
20240226;100002;199.46;150;9696781416;B
20240226;100002;199.63;1000;9696781417;B
20240226;100002;199.75;350;9696781418;B
20240226;100002;199.43;2000;9696781444;B
20240226;100002;199.67;1000;9696781445;B
20240226;100002;199.79;1580;9696781446;B
20240226;100002;199.82;1420;9696781447;B
20240226;100002;199.17;10;9696781454;S
20240226;100002;199.89;10;9696781476;B
20240226;100002;199.58;400;9696781594;S
20240226;100002;199.48;60;9696781744;B
20240226;100002;199.48;20;9696781749;B
20240226;100002;199.18;10;9696781766;S
20240226;100002;199.18;150;9696781774;S
20240226;100002;199.18;1840;9696781775;S
20240226;100003;199.3;500;9696781871;S
20240226;100003;199.3;10;9696781872;S
20240226;100003;199.3;100;9696781875;S
20240226;100003;199.3;50;9696781885;S
20240226;100003;199.3;340;9696781886;S
20240226;100003;199.17;160;9696781887;S
20240226;100003;199.47;130;9696781897;B
20240226;100003;199.18;200;9696781933;S
20240226;100003;199.18;10;9696781948;S
20240226;100003;199.47;450;9696781957;B
20240226;100003;199.47;1000;9696781960;B
20240226;100003;199.24;10;9696781961;S
20240226;100003;199.24;10;9696781965;S
20240226;100003;199.12;10;9696781998;S
20240226;100003;199.13;150;9696782010;S
20240226;100003;199.13;300;9696782012;S
20240226;100003;199.13;30;9696782013;S
20240226;100003;199.48;10;9696782018;B
20240226;100003;199.13;20;9696782022;S
20240226;100003;199.13;1000;9696782023;S
20240226;100003;199.14;650;9696782027;S
20240226;100003;199.14;60;9696782043;S
20240226;100003;199.43;60;9696782044;B
20240226;100003;199.14;20;9696782046;S
20240226;100003;199.43;80;9696782053;B
20240226;100003;199.07;500;9696782065;S
20240226;100003;199.08;1360;9696782066;S
20240226;100003;199.47;70;9696782070;B
20240226;100003;199.47;90;9696782071;B
20240226;100003;199.19;20;9696782073;S
20240226;100003;199.19;150;9696782078;S
20240226;100003;199.19;1000;9696782079;S
20240226;100003;199.47;100;9696782080;B
20240226;100003;199.47;60;9696782093;B
20240226;100003;199.19;500;9696782103;S
20240226;100003;199.19;50;9696782104;S
20240226;100003;199.47;70;9696782126;B
20240226;100003;199.19;10;9696782132;S
20240226;100003;199.08;190;9696782133;S
20240226;100003;199.47;610;9696782134;B
20240226;100003;199.47;1580;9696782135;B
20240226;100003;199.48;710;9696782136;B
20240226;100003;199.74;5000;9696782137;B
20240226;100003;199.77;570;9696782138;B
20240226;100003;199.78;2400;9696782139;B
20240226;100003;199.8;10;9696782140;B
20240226;100003;199.9;470;9696782141;B
20240226;100003;199.9;650;9696782142;B
20240226;100003;199.89;90;9696782151;B
20240226;100003;199.89;60;9696782152;B
20240226;100003;199.07;50;9696782156;S
20240226;100003;199.49;40;9696782188;S
20240226;100003;199.49;360;9696782190;S
20240226;100003;199.08;50;9696782207;S
20240226;100003;199.07;2440;9696782218;S
20240226;100003;199.05;950;9696782219;S
20240226;100003;198.94;1000;9696782220;S
20240226;100003;198.9;1210;9696782221;S
20240226;100003;199.43;80;9696782222;S
20240226;100003;199.43;50;9696782231;S
20240226;100003;199.08;50;9696782238;S
20240226;100003;199.13;50;9696782258;S
20240226;100003;199.09;10;9696782266;S
20240226;100003;199.06;40;9696782267;S
20240226;100003;199.72;1000;9696782288;B
20240226;100003;199.11;50;9696782299;S
20240226;100003;199.7;980;9696782342;B
20240226;100003;199.71;20;9696782343;B
20240226;100003;199.71;200;9696782347;B
20240226;100003;199.44;400;9696782348;S
20240226;100003;199.44;50;9696782351;S
20240226;100003;199.21;50;9696782377;S
20240226;100003;199.06;10;9696782385;S
20240226;100003;199;100;9696782386;S
20240226;100003;198.97;1000;9696782387;S
20240226;100003;198.91;4890;9696782388;S
20240226;100003;199.04;50;9696782392;B
20240226;100003;199.46;1300;9696782396;B
20240226;100003;199.11;20;9696782406;S
20240226;100003;199.04;30;9696782407;S
20240226;100003;199.18;800;9696782423;S
20240226;100003;199.45;1000;9696782424;B
20240226;100003;199.45;50;9696782427;S
20240226;100003;199.45;420;9696782433;S
20240226;100003;199.18;50;9696782441;S
20240226;100003;199.06;50;9696782465;S
20240226;100003;198.99;500;9696782476;S
20240226;100003;198.98;300;9696782477;S
20240226;100003;199.05;50;9696782480;S
20240226;100003;199.42;50;9696782492;S
20240226;100003;199.42;450;9696782495;S
20240226;100003;199.46;120;9696782554;B
20240226;100003;199.19;30;9696782639;S
20240226;100003;199.48;10;9696782670;B
20240226;100003;199.73;1000;9696782723;B
20240226;100003;199.49;100;9696782757;S
20240226;100003;199.49;10;9696782761;S
20240226;100003;199.87;1500;9696782770;B
20240226;100003;199.83;70;9696782805;B
20240226;100003;199.81;400;9696782827;B
20240226;100003;199.8;1000;9696782900;B
20240226;100003;199.8;400;9696782916;B
20240226;100003;199.81;100;9696782917;B
20240226;100003;199.6;10;9696782918;S
20240226;100003;199.6;10;9696782969;S
20240226;100003;199.52;10;9696783186;S
20240226;100003;199.52;20;9696783197;S
20240226;100003;199.78;250;9696783294;B
20240226;100003;199.78;250;9696783296;B
20240226;100003;199.79;750;9696783302;S
20240226;100003;199.8;10;9696783303;B
20240226;100003;199.52;70;9696783307;S
20240226;100003;199.5;100;9696783308;S
20240226;100003;199.49;780;9696783309;S
20240226;100003;199.49;100;9696783317;S
20240226;100003;199.49;360;9696783326;S
20240226;100003;199.49;340;9696783328;B
20240226;100003;199.8;40;9696783343;B
20240226;100003;199.8;110;9696783344;S
20240226;100003;199.8;250;9696783345;S
20240226;100003;199.54;10;9696783488;S
20240226;100003;199.54;50;9696783493;S
20240226;100003;199.85;1000;9696783499;B
20240226;100003;199.85;700;9696783529;B
20240226;100003;199.54;10;9696783545;S
20240226;100004;199.48;50;9696783577;S
20240226;100004;199.77;40;9696783583;B
20240226;100004;199.48;40;9696783729;S
20240226;100004;199.41;10;9696783730;S
20240226;100004;199.77;60;9696783757;B
20240226;100004;199.44;50;9696783790;S
20240226;100004;199.27;10;9696783800;S
20240226;100004;199.27;50;9696783914;S
20240226;100004;199.29;950;9696783929;S
20240226;100004;199.3;10;9696783999;S
20240226;100004;199.48;10;9696784114;B
20240226;100004;199.48;90;9696784123;B
20240226;100004;199.5;1000;9696784185;S
20240226;100004;199.5;50;9696784215;S
20240226;100004;199.5;100;9696784288;S
20240226;100004;199.5;10;9696784311;S
20240226;100004;199.5;70;9696784313;S
20240226;100004;199.5;20;9696784316;S
20240226;100004;199.5;2500;9696784383;S
20240226;100004;199.5;20;9696784392;S
20240226;100004;199.5;10;9696784421;S
20240226;100004;199.5;1900;9696784441;S
20240226;100004;199.5;40;9696784468;S
20240226;100004;199.61;80;9696784546;B
20240226;100004;199.51;10;9696784562;S
20240226;100004;199.51;500;9696784564;S
20240226;100004;199.61;10;9696784568;B
20240226;100004;199.61;300;9696784569;B
20240226;100004;199.51;20;9696784583;S
20240226;100004;199.51;120;9696784585;S
20240226;100004;199.51;200;9696784586;S
20240226;100004;199.51;120;9696784599;S
20240226;100004;199.51;660;9696784717;S
20240226;100004;199.5;440;9696784718;S
20240226;100004;199.5;50;9696784745;S
20240226;100004;199.5;2000;9696784775;S
20240226;100004;199.5;1700;9696784780;S
20240226;100004;199.49;10;9696784781;S
20240226;100004;199.36;1290;9696784782;S
20240226;100004;199.31;100;9696784789;S
20240226;100004;199.31;10;9696784790;S
20240226;100004;199.31;10;9696784791;S
20240226;100004;199.31;10;9696784792;S
20240226;100004;199.24;20;9696784805;S
20240226;100004;199.24;30;9696784810;S
20240226;100004;199.24;250;9696784917;S
20240226;100004;199.24;10;9696784936;S
20240226;100004;199.24;10;9696785060;S
20240226;100004;199.24;10;9696785062;S
20240226;100004;199.24;10;9696785063;S
20240226;100005;199.18;160;9696785149;S
20240226;100005;199.17;200;9696785150;S
20240226;100005;199.16;140;9696785151;S
20240226;100005;199.35;100;9696785195;B
20240226;100005;199.49;120;9696785260;S
20240226;100005;199.49;10;9696785371;S
20240226;100005;199.49;10;9696785386;S
20240226;100005;199.49;10;9696785389;S
20240226;100005;199.49;10;9696785390;S
20240226;100005;199.49;100;9696785391;S
20240226;100005;199.59;220;9696785400;B
20240226;100005;199.49;640;9696785418;S
20240226;100005;199.3;1200;9696785419;S
20240226;100005;199.3;160;9696785420;S
20240226;100005;199.3;100;9696785442;S
20240226;100005;199.57;100;9696785459;B
20240226;100005;199.23;10;9696785480;S
20240226;100005;199.23;10;9696785495;S
20240226;100005;199.23;30;9696785524;S
20240226;100005;199.2;80;9696785525;S
20240226;100005;199.2;10;9696785579;S
20240226;100005;199.2;40;9696785583;S
20240226;100005;199.2;40;9696785677;S
20240226;100005;199.2;10;9696785700;S
20240226;100005;199.49;240;9696785711;B
20240226;100005;199.2;90;9696785755;S
20240226;100005;199.2;340;9696785756;S
20240226;100005;199.19;20;9696785757;S
20240226;100005;199.51;100;9696785803;B
20240226;100005;199.24;50;9696785840;B
20240226;100005;199.18;10;9696785982;S
20240226;100005;199.18;90;9696785993;S
20240226;100005;199.17;1000;9696785994;S
20240226;100005;199.16;910;9696785995;S
20240226;100005;199.17;10;9696786009;S
20240226;100005;199.16;10;9696786028;S
20240226;100005;199.47;250;9696786036;B
20240226;100005;199.47;100;9696786044;B
20240226;100005;199.17;10;9696786051;S
20240226;100005;199.47;30;9696786104;B
20240226;100005;199.16;10;9696786124;S
20240226;100005;199.24;30;9696786125;B
20240226;100005;199.25;190;9696786126;S
20240226;100005;199.45;60;9696786130;B
20240226;100005;199.25;300;9696786131;S
20240226;100005;199.16;160;9696786132;S
20240226;100005;199.25;180;9696786135;B
20240226;100005;199.17;30;9696786140;S
20240226;100005;199.16;270;9696786141;S
20240226;100005;199.17;220;9696786145;B
20240226;100005;199.17;30;9696786187;S
20240226;100005;199.17;250;9696786257;S
20240226;100005;199.41;100;9696786266;B
20240226;100005;199.17;120;9696786274;S
20240226;100005;199.16;980;9696786275;S
20240226;100005;199.17;20;9696786277;S
20240226;100005;199.17;70;9696786310;S
20240226;100005;199.17;10;9696786314;S
20240226;100005;199.47;500;9696786318;B
20240226;100005;199.18;10;9696786323;S
20240226;100005;199.47;130;9696786351;B
20240226;100005;199.47;100;9696786352;B
20240226;100006;199.17;50;9696786384;S
20240226;100006;199.17;20;9696786476;S
20240226;100006;199.17;500;9696786515;S
20240226;100006;199.17;50;9696786542;S
20240226;100006;199.17;10;9696786544;S
20240226;100006;199.42;300;9696786551;B
20240226;100006;199.17;20;9696786560;S
20240226;100006;199.17;80;9696786592;S
20240226;100006;199.16;790;9696786593;S
20240226;100006;199.43;500;9696786600;B
20240226;100006;199.17;250;9696786608;S
20240226;100006;199.17;40;9696786618;S
20240226;100006;199.17;140;9696786635;S
20240226;100006;199.35;50;9696786725;S
20240226;100006;199.41;200;9696786733;B
20240226;100006;199.17;10;9696786745;S
20240226;100006;199.17;10;9696786754;S
20240226;100006;199.17;50;9696786772;S
20240226;100006;199.16;230;9696786773;S
20240226;100006;199.16;1300;9696786774;S
20240226;100006;199.16;10;9696786849;S
20240226;100006;199.16;1000;9696786854;S
20240226;100006;199.16;10;9696786871;S
20240226;100006;199.39;500;9696786902;B
20240226;100006;199.16;2180;9696786906;S
20240226;100006;199.15;250;9696786907;S
20240226;100006;199.14;50;9696786908;S
20240226;100006;199.14;20;9696786909;S
20240226;100006;199.14;10;9696786928;S
20240226;100006;199.14;50;9696786935;S
20240226;100006;199.14;20;9696786937;S
20240226;100006;199.12;300;9696786980;S
20240226;100006;199.08;90;9696786981;S
20240226;100006;199.04;400;9696786982;S
20240226;100006;199;50;9696786983;S
20240226;100006;198.99;500;9696786984;S
20240226;100006;198.98;360;9696786985;S
20240226;100006;199.06;20;9696786995;B
20240226;100006;199.37;200;9696787002;B
20240226;100006;199.37;380;9696787003;B
20240226;100006;198.99;10;9696787031;S
20240226;100006;198.98;10;9696787076;S
20240226;100006;198.98;20;9696787100;S
20240226;100006;198.98;70;9696787145;S
20240226;100006;199;10;9696787149;B
20240226;100006;199.33;100;9696787150;B
20240226;100006;199.32;400;9696787158;B
20240226;100006;198.99;10;9696787184;S
20240226;100006;198.99;10;9696787210;S
20240226;100006;198.99;80;9696787218;S
20240226;100006;198.98;170;9696787219;S
20240226;100006;198.98;70;9696787244;S
20240226;100006;198.98;10;9696787278;S
20240226;100006;198.98;10;9696787295;S
20240226;100006;198.98;10;9696787297;S
20240226;100006;198.98;10;9696787301;S
20240226;100006;198.98;210;9696787304;S
20240226;100006;198.97;60;9696787305;S
20240226;100006;198.9;10;9696787306;S
20240226;100006;198.89;1200;9696787307;S
20240226;100006;198.88;1000;9696787308;S
20240226;100006;198.85;20;9696787309;S
20240226;100006;198.81;50;9696787310;S
20240226;100006;198.8;500;9696787311;S
20240226;100006;198.8;10;9696787312;S
20240226;100006;199;1300;9696787324;B
20240226;100006;198.8;10;9696787362;S
20240226;100006;198.85;100;9696787371;B
20240226;100006;199;20;9696787386;B
20240226;100006;198.8;10;9696787396;S
20240226;100006;198.8;10;9696787399;S
20240226;100006;198.99;400;9696787442;B
20240226;100006;198.8;60;9696787451;S
20240226;100006;198.8;150;9696787452;B
20240226;100006;198.8;190;9696787456;B
20240226;100006;198.99;20;9696787463;B
20240226;100006;198.81;10;9696787475;S
20240226;100006;199;390;9696787484;B
20240226;100006;198.99;1500;9696787485;S
20240226;100006;198.81;400;9696787491;B
20240226;100006;198.78;80;9696787496;S
20240226;100006;198.74;200;9696787498;S
20240226;100006;198.78;120;9696787501;B
20240226;100006;199;290;9696787502;B
20240226;100006;199.08;90;9696787503;B
20240226;100006;199.08;10;9696787511;B
20240226;100006;199.15;740;9696787512;B
20240226;100006;198.9;10;9696787628;S
20240226;100006;198.74;20;9696787659;S
20240226;100006;198.74;10;9696787679;S
20240226;100006;198.74;10;9696787773;S
20240226;100006;198.74;30;9696787827;S
20240226;100006;198.74;200;9696787840;S
20240226;100006;198.74;30;9696787853;S
20240226;100006;199.25;200;9696787883;B
20240226;100006;199.25;500;9696787927;B
20240226;100006;198.74;10;9696787931;S
20240226;100006;199.25;290;9696787935;B
20240226;100007;198.74;10;9696787950;S
20240226;100007;198.74;50;9696788061;S
20240226;100007;198.74;10;9696788086;S
20240226;100007;199;1380;9696788171;S
20240226;100007;198.76;10;9696788178;S
20240226;100007;198.78;990;9696788203;S
20240226;100007;198.76;510;9696788204;S
20240226;100007;198.9;50;9696788247;B
20240226;100007;199;150;9696788248;B
20240226;100007;198.74;10;9696788333;S
20240226;100007;198.74;10;9696788373;S
20240226;100007;198.74;10;9696788395;S
20240226;100007;198.74;10;9696788396;S
20240226;100007;198.8;30;9696788406;B
20240226;100007;198.74;10;9696788424;S
20240226;100007;198.93;200;9696788514;B
20240226;100007;198.92;700;9696788537;B
20240226;100007;198.91;430;9696788626;B
20240226;100007;198.91;10;9696788716;B
20240226;100007;198.91;10;9696788724;B
20240226;100007;198.91;1060;9696788728;B
20240226;100007;198.75;10;9696788774;S
20240226;100007;198.75;190;9696788778;S
20240226;100007;198.74;110;9696788779;S
20240226;100007;198.74;70;9696788839;S
20240226;100007;198.91;30;9696788846;B
20240226;100007;198.74;110;9696789048;S
20240226;100007;198.74;2130;9696789150;S
20240226;100007;198.91;1000;9696789235;B
20240226;100007;198.91;500;9696789349;B
20240226;100007;198.74;10;9696789438;S
20240226;100007;198.91;10;9696789549;B
20240226;100007;198.91;60;9696789567;B
20240226;100007;198.91;300;9696789686;B
20240226;100007;198.91;100;9696789689;B
20240226;100007;198.91;10;9696789836;B
20240226;100007;198.93;490;9696789837;B
20240226;100008;198.93;500;9696789938;B
20240226;100008;198.93;200;9696789947;B
20240226;100008;198.93;10;9696789949;B
20240226;100008;198.94;890;9696789950;B
20240226;100008;198.94;1000;9696789951;B
20240226;100008;198.94;1000;9696789952;B
20240226;100008;198.9;200;9696789989;S
20240226;100008;198.9;50;9696789995;S
20240226;100008;198.9;250;9696789996;S
20240226;100008;198.93;100;9696790035;B
20240226;100008;198.75;20;9696790128;S
20240226;100008;198.93;100;9696790294;B
20240226;100008;198.74;300;9696790311;S
20240226;100008;198.74;530;9696790514;S
20240226;100008;198.66;420;9696790515;S
20240226;100008;198.66;10;9696790559;S
20240226;100008;198.67;30;9696790594;S
20240226;100008;198.67;140;9696790599;S
20240226;100008;198.67;500;9696790610;S
20240226;100008;198.84;60;9696790660;B
20240226;100008;198.67;150;9696790666;S
20240226;100008;198.67;20;9696790669;S
20240226;100008;198.84;90;9696790709;B
20240226;100008;198.83;300;9696790711;S
20240226;100008;198.67;10;9696790712;S
20240226;100008;198.84;1430;9696790714;B
20240226;100008;198.85;500;9696790715;B
20240226;100008;198.91;1790;9696790716;B
20240226;100008;198.94;1000;9696790717;B
20240226;100008;198.99;800;9696790718;B
20240226;100008;199;10;9696790719;B
20240226;100008;199;4000;9696790720;B
20240226;100008;199;10;9696790721;B
20240226;100008;199.02;460;9696790722;B
20240226;100008;198.84;500;9696790737;B
20240226;100008;198.93;10;9696790751;B
20240226;100008;198.99;90;9696790752;B
20240226;100008;198.73;250;9696790770;B
20240226;100008;198.98;500;9696790771;B
20240226;100008;198.97;200;9696790780;B
20240226;100008;198.73;320;9696790784;S
20240226;100008;198.98;10;9696790800;B
20240226;100008;198.98;140;9696790819;B
20240226;100008;199.01;980;9696790820;B
20240226;100008;199.02;8880;9696790821;B
20240226;100008;199.02;660;9696790849;B
20240226;100008;199.04;50;9696790850;B
20240226;100008;199.04;50;9696790851;B
20240226;100008;199.04;50;9696790852;B
20240226;100008;199.05;100;9696790853;B
20240226;100008;199.31;90;9696790854;B
20240226;100008;199.03;800;9696790873;S
20240226;100008;199.29;110;9696790891;S
20240226;100008;199.29;390;9696790892;S
20240226;100008;199.28;300;9696790894;B
20240226;100008;199.04;100;9696790906;S
20240226;100008;199.04;800;9696790907;S
20240226;100008;199.05;140;9696790918;B
20240226;100008;199.05;360;9696790919;B
20240226;100008;199.04;1000;9696790924;S
20240226;100008;198.94;1000;9696790925;S
20240226;100008;198.94;20;9696790936;S
20240226;100008;199.29;400;9696790937;B
20240226;100008;199.29;500;9696790938;B
20240226;100008;199.3;400;9696790939;B
20240226;100008;199.32;950;9696790940;B
20240226;100008;199.34;1150;9696790941;B
20240226;100008;199.3;120;9696790950;S
20240226;100008;199.3;380;9696790951;S
20240226;100008;199.29;100;9696790964;S
20240226;100008;199.32;500;9696790981;S
20240226;100008;199.04;40;9696790982;B
20240226;100008;199.29;660;9696790992;S
20240226;100008;199.03;20;9696791161;S
20240226;100008;199.03;10;9696791165;S
20240226;100008;198.98;10;9696791198;B
20240226;100008;199.32;80;9696791220;B
20240226;100008;198.99;230;9696791233;S
20240226;100008;198.91;150;9696791337;S
20240226;100008;198.77;50;9696791480;S
20240226;100008;198.82;250;9696791651;S
20240226;100008;198.82;350;9696791665;S
20240226;100008;198.83;380;9696791696;S
20240226;100008;198.81;10;9696791848;S
20240226;100008;198.81;20;9696791877;S
20240226;100008;198.81;10;9696791880;S
20240226;100008;198.68;80;9696791988;S
20240226;100008;198.69;100;9696792094;S
20240226;100008;198.9;10;9696792098;B
20240226;100008;198.9;310;9696792102;B
20240226;100008;198.69;30;9696792106;S
20240226;100008;198.69;10;9696792117;S
20240226;100008;198.69;10;9696792125;S
20240226;100008;198.89;20;9696792132;B
20240226;100009;198.89;150;9696792142;B
20240226;100009;198.66;280;9696792262;S
20240226;100009;198.66;20;9696792263;S
20240226;100009;198.9;20;9696792273;B
20240226;100009;198.7;100;9696792297;B
20240226;100009;198.61;10;9696792485;S
20240226;100009;198.89;1900;9696792486;B
20240226;100009;198.9;1100;9696792487;B
20240226;100009;198.9;70;9696792493;B
20240226;100009;198.9;10;9696792526;B
20240226;100009;198.9;10;9696792543;B
20240226;100009;198.61;20;9696792563;S
20240226;100009;198.66;320;9696792695;S
20240226;100009;198.61;120;9696792880;S
20240226;100009;198.9;50;9696793002;B
20240226;100009;198.61;10;9696793028;S
20240226;100009;198.62;20;9696793045;S
20240226;100009;198.62;150;9696793065;S
20240226;100009;198.9;30;9696793094;B
20240226;100009;198.65;1000;9696793196;S
20240226;100009;198.64;500;9696793197;S
20240226;100009;198.61;10;9696793298;S
20240226;100009;198.88;10;9696793415;B
20240226;100009;198.9;300;9696793416;B
20240226;100009;198.89;390;9696793422;S
20240226;100009;198.89;170;9696793423;S
20240226;100009;198.89;390;9696793424;S
20240226;100009;198.89;390;9696793425;S
20240226;100009;198.89;50;9696793426;S
20240226;100009;198.9;30;9696793430;B
20240226;100009;198.69;10;9696793623;S
20240226;100009;198.9;100;9696793701;B
20240226;100009;198.9;10;9696794052;B
20240226;100009;198.9;450;9696794055;B
20240226;100009;198.95;10;9696794056;B
20240226;100009;199;300;9696794057;B
20240226;100009;199.05;10;9696794058;B
20240226;100009;199.05;10;9696794059;B
20240226;100009;199.1;10;9696794060;B
20240226;100009;199.1;10;9696794061;B
20240226;100009;199.11;170;9696794062;B
20240226;100009;199.12;330;9696794063;B
20240226;100009;199.12;10;9696794068;B
20240226;100009;199.12;20;9696794071;B
20240226;100009;198.81;20;9696794120;S
20240226;100009;198.82;500;9696794138;S
20240226;100009;199.16;10;9696794415;B
20240226;100010;199.17;100;9696794640;B
20240226;100010;198.89;80;9696794874;S
20240226;100010;199.17;100;9696795103;B
20240226;100010;199.17;60;9696795248;B
20240226;100010;199.17;10;9696795249;B
20240226;100010;198.89;1520;9696795250;S
20240226;100010;198.89;1900;9696795251;S
20240226;100010;198.87;2580;9696795252;S
20240226;100010;199.17;20;9696795253;B
20240226;100010;198.87;10;9696795254;S
20240226;100010;198.87;20;9696795255;S
20240226;100010;199.17;100;9696795257;B
20240226;100010;199.11;500;9696795623;B
20240226;100010;199.16;100;9696795710;B
20240226;100010;199.16;100;9696796132;B
20240226;100010;198.85;10;9696796340;S
20240226;100011;198.74;100;9696796602;S
20240226;100011;198.68;10;9696796622;S
20240226;100011;198.68;10;9696796624;S
20240226;100011;198.69;30;9696796655;S
20240226;100011;199.06;20;9696796663;B
20240226;100011;199.16;10;9696796793;B
20240226;100011;199.14;20;9696796904;B
20240226;100011;199.15;60;9696796905;B
20240226;100011;198.76;80;9696797014;S
20240226;100011;198.91;30;9696797126;B
20240226;100011;199;600;9696797127;B
20240226;100011;199.12;260;9696797128;B
20240226;100011;199.12;10;9696797129;B
20240226;100011;199.12;10;9696797131;B
20240226;100011;199.12;500;9696797132;B
20240226;100011;198.74;500;9696797265;S
20240226;100011;198.75;1900;9696797327;S
20240226;100011;198.74;100;9696797328;S
20240226;100011;199;10;9696797625;S
20240226;100011;199;1250;9696797629;S
20240226;100011;199.17;40;9696797671;B
20240226;100011;199;20;9696797674;S
20240226;100011;199.17;30;9696797725;B
20240226;100011;199.01;100;9696797753;S
20240226;100011;199.01;130;9696797809;S
20240226;100011;199;620;9696797810;S
20240226;100011;199.17;200;9696797830;B
20240226;100011;199;10;9696797870;S
20240226;100011;199.17;340;9696797905;B
20240226;100011;199.19;760;9696797906;B
20240226;100011;199.19;10;9696798064;B
20240226;100011;199.19;60;9696798115;B
20240226;100011;199.19;10;9696798409;B
20240226;100011;199.02;80;9696798412;S
20240226;100011;199.02;10;9696798413;S
20240226;100011;199.19;50;9696798414;B
20240226;100012;199.1;10;9696798912;B
20240226;100012;199.02;10;9696799120;S
20240226;100012;199.02;790;9696799165;S
20240226;100012;199.01;1000;9696799166;S
20240226;100012;199;210;9696799167;S
20240226;100012;199.1;60;9696799232;B
20240226;100012;199.01;40;9696799235;S
20240226;100012;199.1;10;9696799238;B
20240226;100012;199.1;10;9696799240;B
20240226;100012;199.1;300;9696799243;B
20240226;100012;199.1;400;9696799248;B
20240226;100012;199.1;10;9696799760;B
20240226;100012;199.1;10;9696799785;B
20240226;100012;199.1;10;9696799794;B
20240226;100012;199.01;50;9696800163;S
20240226;100012;199.01;50;9696800166;S
20240226;100012;199.1;10;9696800375;B
20240226;100012;199.01;10;9696800426;S
20240226;100012;199.01;70;9696800522;S
20240226;100012;199.1;30;9696801064;B
20240226;100012;199.01;500;9696801103;S
20240226;100013;199.1;30;9696801265;B
20240226;100013;199;10;9696801356;S
20240226;100013;199;600;9696801388;S
20240226;100013;199;500;9696801454;S
20240226;100013;199;1000;9696801458;S
20240226;100013;199.1;10;9696801507;B
20240226;100013;199;250;9696801536;S
20240226;100013;199.02;20;9696801748;B
20240226;100013;199.1;140;9696801749;B
20240226;100013;199.13;1340;9696801750;B
20240226;100013;199;50;9696801751;S
20240226;100013;199;120;9696801753;S
20240226;100013;199.12;10;9696801754;B
20240226;100013;199;100;9696801755;S
20240226;100013;199.02;10;9696801865;B
20240226;100013;199.12;1290;9696801866;B
20240226;100014;199.12;20;9696802395;B
20240226;100014;199.01;500;9696802400;S
20240226;100014;199.15;250;9696802419;B
20240226;100014;199.15;10;9696802420;B
20240226;100014;199.17;50;9696802421;B
20240226;100014;199.19;690;9696802422;B
20240226;100014;199.01;500;9696802426;S
20240226;100014;199.18;50;9696802497;B
20240226;100014;199.18;10;9696802713;B
20240226;100014;199.01;380;9696802802;S
20240226;100014;199;2520;9696802803;S
20240226;100014;199.12;10;9696803007;B
20240226;100014;199.12;40;9696803190;B
20240226;100014;199.12;10;9696803238;B
20240226;100014;199.12;40;9696803241;B
20240226;100014;199.17;60;9696803242;B
20240226;100014;199.17;30;9696803247;B
20240226;100014;199.17;70;9696803251;B
20240226;100014;199.17;30;9696803258;B
20240226;100014;199;7730;9696803268;S
20240226;100014;198.9;1000;9696803269;S
20240226;100014;198.85;100;9696803270;S
20240226;100014;198.81;150;9696803271;S
20240226;100014;198.8;1020;9696803282;B
20240226;100014;199.11;260;9696803304;S
20240226;100014;199.11;740;9696803306;S
20240226;100014;199.11;160;9696803307;S
20240226;100014;199.11;240;9696803308;S
20240226;100014;198.82;400;9696803323;S
20240226;100014;199.09;1000;9696803328;B
20240226;100014;199.1;400;9696803330;B
20240226;100014;199.09;600;9696803337;B
20240226;100014;199.09;400;9696803338;B
20240226;100014;199.09;600;9696803345;B
20240226;100014;199.09;10;9696803352;S
20240226;100014;199.09;390;9696803353;S
20240226;100014;198.83;10;9696803478;S
20240226;100014;199.07;50;9696803613;B
20240226;100014;198.83;680;9696803690;S
20240226;100014;198.8;450;9696803691;S
20240226;100014;198.79;2600;9696803692;S
20240226;100014;198.78;2500;9696803693;S
20240226;100014;198.74;300;9696803694;S
20240226;100014;198.71;1000;9696803695;S
20240226;100014;198.66;470;9696803696;S
20240226;100014;198.96;30;9696803812;B
20240226;100015;198.61;10;9696804101;S
20240226;100015;199.07;10;9696804102;B
20240226;100015;199.07;170;9696804106;B
20240226;100015;198.61;30;9696804107;S
20240226;100015;198.6;80;9696804108;S
20240226;100015;199.05;520;9696804241;B
20240226;100015;198.65;10;9696804559;S
20240226;100015;198.65;120;9696804560;S
20240226;100015;198.65;10;9696804561;S
20240226;100015;198.98;30;9696804625;B
20240226;100015;198.98;30;9696804989;B
20240226;100016;198.94;390;9696805260;B
20240226;100016;198.92;20;9696805285;B
20240226;100016;198.66;60;9696805390;S
20240226;100016;198.95;30;9696805398;B
20240226;100016;198.85;200;9696805479;S
20240226;100016;198.86;600;9696805491;B
20240226;100016;198.64;30;9696805586;S
20240226;100016;198.86;10;9696805693;B
20240226;100016;198.86;550;9696805704;B
20240226;100016;198.86;150;9696805713;B
20240226;100016;198.64;10;9696805716;S
20240226;100016;198.86;40;9696805856;B
20240226;100016;198.86;30;9696805923;B
20240226;100016;198.95;20;9696805924;B
20240226;100016;198.95;10;9696805925;B
20240226;100016;198.95;10;9696805934;B
20240226;100016;198.91;40;9696806280;B
20240226;100016;198.91;30;9696806284;B
20240226;100016;198.91;20;9696806394;B
20240226;100016;198.62;10;9696806398;S
20240226;100016;198.62;10;9696806400;S
20240226;100017;198.92;10;9696806592;B
20240226;100017;198.92;20;9696806600;B
20240226;100017;198.92;10;9696806628;B
20240226;100017;198.92;1500;9696806638;B
20240226;100017;198.92;110;9696806648;B
20240226;100017;198.93;300;9696806770;B
20240226;100017;198.92;60;9696806774;S
20240226;100017;198.92;10;9696806775;S
20240226;100017;198.92;230;9696806776;S
20240226;100017;198.96;30;9696806781;B
20240226;100017;198.93;1000;9696806786;S
20240226;100017;198.95;330;9696807499;B
20240226;100017;198.95;430;9696807651;B
20240226;100017;198.96;970;9696807652;B
20240226;100017;199;200;9696807653;B
20240226;100017;198.74;10;9696807662;S
20240226;100017;198.71;40;9696807663;S
20240226;100017;198.99;40;9696807775;B
20240226;100017;199;60;9696807776;B
20240226;100017;199;100;9696807810;B
20240226;100017;198.71;1700;9696807917;S
20240226;100017;198.71;10;9696807927;S
20240226;100017;198.71;190;9696807931;S
20240226;100017;198.7;1000;9696807932;S
20240226;100017;198.66;810;9696807933;S
20240226;100017;199;10;9696807943;B
20240226;100017;199;10;9696807971;B
20240226;100017;198.98;10;9696808108;B
20240226;100017;198.98;10;9696808117;B
20240226;100017;198.67;10;9696808120;S
20240226;100018;198.6;20;9696808436;S
20240226;100018;198.85;40;9696808597;B
20240226;100018;198.6;20;9696808749;S
20240226;100018;198.6;10;9696808985;S
20240226;100018;198.88;30;9696809001;B
20240226;100018;198.98;700;9696809076;B
20240226;100018;198.87;500;9696809288;S
20240226;100018;198.87;500;9696809312;S
20240226;100019;198.92;100;9696809542;B
20240226;100019;198.96;1210;9696809543;B
20240226;100019;198.99;1000;9696809544;B
20240226;100019;198.99;60;9696809545;B
20240226;100019;199;1620;9696809546;B
20240226;100019;199;10;9696809547;B
20240226;100019;199.01;10;9696809561;B
20240226;100019;198.88;740;9696809565;S
20240226;100019;198.87;260;9696809566;S
20240226;100019;198.87;50;9696809585;S
20240226;100019;198.87;200;9696809733;S
20240226;100019;198.87;30;9696809744;S
20240226;100019;199.01;10;9696809746;B
20240226;100019;199.02;160;9696809759;B
20240226;100019;199.07;50;9696809760;B
20240226;100019;199.07;1900;9696809761;B
20240226;100019;199.12;1000;9696809762;B
20240226;100019;199.18;10;9696809763;B
20240226;100019;199.18;1880;9696809764;B
20240226;100019;199.18;20;9696809767;B
20240226;100019;198.95;120;9696809880;B
20240226;100019;199.15;70;9696809881;B
20240226;100019;198.89;20;9696809934;S
20240226;100019;198.89;40;9696809935;S
20240226;100019;198.89;40;9696809940;S
20240226;100019;199.16;30;9696809960;B
20240226;100019;198.89;100;9696809969;S
20240226;100019;199.19;10;9696810102;B
20240226;100019;198.9;20;9696810140;B
20240226;100019;199.17;30;9696810152;B
20240226;100019;198.94;1600;9696810162;S
20240226;100019;198.93;1900;9696810163;S
20240226;100019;198.89;200;9696810200;S
20240226;100019;198.89;800;9696810201;S
20240226;100019;199.17;30;9696810240;B
20240226;100020;198.89;20;9696810290;S
20240226;100020;199.13;150;9696810300;B
20240226;100020;198.92;120;9696810309;B
20240226;100020;199.11;2000;9696810326;B
20240226;100020;199.12;1900;9696810327;B
20240226;100020;199.16;1750;9696810328;B
20240226;100020;199.18;1000;9696810329;B
20240226;100020;199.19;990;9696810330;B
20240226;100020;199.2;10;9696810331;B
20240226;100020;199.2;10;9696810332;B
20240226;100020;199.24;10;9696810333;B
20240226;100020;199.24;100;9696810334;B
20240226;100020;199.25;1000;9696810335;B
20240226;100020;199.29;30;9696810336;B
20240226;100020;199.32;1000;9696810337;B
20240226;100020;199.32;120;9696810338;B
20240226;100020;199.35;500;9696810339;B
20240226;100020;199.37;100;9696810340;B
20240226;100020;199.37;350;9696810341;B
20240226;100020;199.4;1000;9696810342;B
20240226;100020;199.4;470;9696810343;B
20240226;100020;199.41;10;9696810344;B
20240226;100020;199.43;100;9696810345;B
20240226;100020;199.44;100;9696810346;B
20240226;100020;199.46;200;9696810347;B
20240226;100020;199.48;20;9696810348;B
20240226;100020;199.48;50;9696810349;B
20240226;100020;199.49;5010;9696810350;B
20240226;100020;199.5;10;9696810351;B
20240226;100020;199.5;500;9696810352;B
20240226;100020;199.5;2000;9696810353;B
20240226;100020;199.5;100;9696810354;B
20240226;100020;199.5;10;9696810355;B
20240226;100020;199.51;5000;9696810356;B
20240226;100020;199.52;50;9696810357;B
20240226;100020;199.52;11040;9696810358;B
20240226;100020;199.53;10;9696810359;B
20240226;100020;199.54;10;9696810360;B
20240226;100020;199.57;30;9696810361;B
20240226;100020;199.59;5000;9696810362;B
20240226;100020;199.6;100;9696810363;B
20240226;100020;199.6;2500;9696810364;B
20240226;100020;199.61;110;9696810365;B
20240226;100020;199.62;10;9696810366;B
20240226;100020;199.65;100;9696810367;B
20240226;100020;199.66;300;9696810368;B
20240226;100020;199.7;500;9696810369;B
20240226;100020;199.7;10;9696810370;B
20240226;100020;199.74;500;9696810371;B
20240226;100020;199.78;500;9696810372;B
20240226;100020;199.78;10;9696810373;B
20240226;100020;199.79;10;9696810374;B
20240226;100020;199.8;50;9696810375;B
20240226;100020;199.8;100;9696810376;B
20240226;100020;199.8;10;9696810377;B
20240226;100020;199.8;10;9696810378;B
20240226;100020;199.8;50;9696810379;B
20240226;100020;199.82;10;9696810380;B
20240226;100020;199.83;230;9696810381;B
20240226;100020;199.85;30;9696810382;B
20240226;100020;199.85;200;9696810383;B
20240226;100020;199.85;20;9696810384;B
20240226;100020;199.86;1000;9696810385;B
20240226;100020;199.86;10;9696810386;B
20240226;100020;199.88;50;9696810387;B
20240226;100020;199.89;90;9696810388;B
20240226;100020;199.89;1900;9696810389;B
20240226;100020;199.63;1000;9696810398;S
20240226;100020;199.33;300;9696810404;S
20240226;100020;199.63;300;9696810405;S
20240226;100020;199.33;500;9696810406;S
20240226;100020;199.71;200;9696810409;B
20240226;100020;199.18;400;9696810424;B
20240226;100020;199.18;200;9696810425;B
20240226;100020;199.34;300;9696810429;S
20240226;100020;199.35;400;9696810433;S
20240226;100020;199.67;300;9696810435;B
20240226;100020;199.73;200;9696810436;B
20240226;100020;199.48;120;9696810713;B
20240226;100020;199.66;380;9696810714;B
20240226;100021;199.43;1880;9696810953;S
20240226;100021;199.42;220;9696810954;S
20240226;100021;199.69;1900;9696810971;B
20240226;100021;199.7;1000;9696810972;B
20240226;100021;199.75;500;9696810973;B
20240226;100021;199.85;1500;9696810974;S
20240226;100021;199.85;600;9696810975;S
20240226;100021;199.85;10;9696810976;S
20240226;100021;199.85;10;9696810980;S
20240226;100021;199.85;600;9696811021;S
20240226;100021;199.85;10;9696811069;S
20240226;100021;199.85;500;9696811076;S
20240226;100021;199.85;130;9696811134;S
20240226;100021;199.85;220;9696811155;S
20240226;100021;199.85;1500;9696811174;S
20240226;100021;199.85;20;9696811191;S
20240226;100021;199.88;30;9696811704;B
20240226;100021;199.89;10;9696811705;B
20240226;100021;199.89;30;9696811789;B
20240226;100021;199.85;10;9696811798;S
20240226;100021;199.85;20;9696811821;S
20240226;100022;199.85;100;9696811851;S
20240226;100022;199.89;60;9696811864;B
20240226;100022;199.9;40;9696811865;B
20240226;100022;199.85;500;9696811891;S
20240226;100022;199.9;50;9696811922;B
20240226;100022;199.9;460;9696811947;B
20240226;100022;199.9;1640;9696811948;B
20240226;100022;199.9;100;9696811949;B
20240226;100022;199.9;100;9696811950;B
20240226;100022;199.9;50;9696811951;B
20240226;100022;199.9;100;9696811952;B
20240226;100022;199.9;140;9696811953;B
20240226;100022;199.9;3500;9696811954;B
20240226;100022;199.91;10;9696811955;B
20240226;100022;199.93;10;9696811956;B
20240226;100022;199.93;100;9696811957;B
20240226;100022;199.93;20;9696811958;B
20240226;100022;199.94;1200;9696811959;B
20240226;100022;199.96;10;9696811960;B
20240226;100022;199.96;10;9696811961;B
20240226;100022;199.96;500;9696811962;B
20240226;100022;199.97;10;9696811963;B
20240226;100022;199.97;200;9696811964;B
20240226;100022;199.97;10;9696811965;B
20240226;100022;199.97;10;9696811966;B
20240226;100022;199.97;10;9696811967;B
20240226;100022;199.98;10;9696811968;B
20240226;100022;199.98;10;9696811969;B
20240226;100022;199.98;50;9696811970;B
20240226;100022;199.99;10;9696811971;B
20240226;100022;199.99;100;9696811972;B
20240226;100022;199.99;200;9696811973;B
20240226;100022;200;10;9696811974;B
20240226;100022;200;80;9696811975;B
20240226;100022;200;10;9696811976;B
20240226;100022;200;10;9696811977;B
20240226;100022;200;60;9696811978;B
20240226;100022;200;10;9696811979;B
20240226;100022;200;10;9696811980;B
20240226;100022;200;110;9696811981;B
20240226;100022;200;10;9696811982;B
20240226;100022;200;10;9696811983;B
20240226;100022;200;100;9696811984;B
20240226;100022;200;30;9696811985;B
20240226;100022;200;200;9696811986;B
20240226;100022;200;780;9696811987;B
20240226;100022;200;50;9696811994;B
20240226;100022;199.85;10;9696812006;S
20240226;100022;199.85;700;9696812183;S
20240226;100022;200;30;9696812190;B
20240226;100022;199.85;70;9696812301;S
20240226;100022;199.94;10;9696812455;B
20240226;100022;200;490;9696812456;B
20240226;100022;200;20;9696812457;B
20240226;100022;199.85;90;9696812472;S
20240226;100022;199.74;610;9696812473;S
20240226;100022;199.74;600;9696812474;S
20240226;100022;199.99;80;9696812559;B
20240226;100022;199.73;10;9696812631;S
20240226;100023;199.73;100;9696812632;S
20240226;100023;199.48;200;9696812634;S
20240226;100023;199.62;200;9696812641;S
20240226;100023;199.48;340;9696812643;S
20240226;100023;199.7;30;9696812646;B
20240226;100023;199.7;20;9696812647;B
20240226;100023;199.7;10;9696812648;B
20240226;100023;199.7;40;9696812654;B
20240226;100023;199.47;50;9696812708;S
20240226;100023;199.48;40;9696812726;S
20240226;100023;199.48;10;9696812727;S
20240226;100023;199.48;10;9696812810;S
20240226;100023;199.7;460;9696812812;B
20240226;100023;199.7;40;9696812813;B
20240226;100023;199.49;660;9696812831;S
20240226;100023;199.48;1990;9696812832;S
20240226;100023;199.47;4780;9696812833;S
20240226;100023;199.46;1000;9696812834;S
20240226;100023;199.43;500;9696812835;S
20240226;100023;199.42;4470;9696812836;S
20240226;100023;199.68;40;9696812876;B
20240226;100023;199.69;1860;9696812914;B
20240226;100023;199.7;60;9696812915;B
20240226;100023;199.7;50;9696812916;B
20240226;100023;199.71;1000;9696812917;B
20240226;100023;199.8;490;9696812918;B
20240226;100023;199.6;10;9696812977;S
20240226;100023;199.42;40;9696812978;S
20240226;100023;199.78;40;9696812988;B
20240226;100023;199.78;60;9696812989;B
20240226;100023;199.46;100;9696813035;S
20240226;100023;199.79;490;9696813084;B
20240226;100023;199.8;710;9696813085;B
20240226;100023;199.8;500;9696813086;B
20240226;100023;199.84;10;9696813087;B
20240226;100023;199.9;300;9696813088;B
20240226;100023;199.93;200;9696813089;B
20240226;100023;199.94;50;9696813090;B
20240226;100023;199.97;100;9696813091;B
20240226;100023;199.97;1000;9696813092;B
20240226;100023;199.98;2140;9696813093;B
20240226;100023;199.64;2600;9696813104;S
20240226;100023;199.64;1900;9696813105;S
20240226;100023;199.63;1900;9696813106;S
20240226;100023;199.62;5000;9696813107;S
20240226;100023;199.39;1000;9696813108;S
20240226;100023;199.36;2000;9696813109;S
20240226;100023;199.24;10;9696813110;S
20240226;100023;199.24;1000;9696813111;S
20240226;100023;199.01;5000;9696813112;S
20240226;100023;199;10;9696813113;S
20240226;100023;199;1000;9696813114;S
20240226;100023;199;100;9696813115;S
20240226;100023;198.95;100;9696813116;S
20240226;100023;198.95;100;9696813117;S
20240226;100023;198.94;20;9696813118;S
20240226;100023;198.88;2000;9696813119;S
20240226;100023;198.85;60;9696813120;S
20240226;100023;198.84;1000;9696813121;S
20240226;100023;198.8;50;9696813122;S
20240226;100023;198.78;950;9696813123;S
20240226;100023;198.66;1000;9696813124;S
20240226;100023;198.66;50;9696813125;S
20240226;100023;198.64;10;9696813126;S
20240226;100023;198.6;30;9696813127;S
20240226;100023;198.6;500;9696813128;S
20240226;100023;198.56;950;9696813129;S
20240226;100023;198.51;10;9696813130;S
20240226;100023;198.51;1000;9696813131;S
20240226;100023;198.5;50;9696813132;S
20240226;100023;198.5;100;9696813133;S
20240226;100023;198.5;3300;9696813134;S
20240226;100023;198.5;150;9696813135;S
20240226;100023;198.4;1000;9696813136;S
20240226;100023;198.4;500;9696813137;S
20240226;100023;198.4;2000;9696813138;B
20240226;100023;198.4;700;9696813139;B
20240226;100023;198.4;1000;9696813140;B
20240226;100023;198.4;1000;9696813141;B
20240226;100023;198.4;200;9696813142;B
20240226;100023;198.4;600;9696813143;B
20240226;100023;198.4;900;9696813144;B
20240226;100023;198.4;400;9696813146;B
20240226;100023;198.39;300;9696813148;S
20240226;100023;198.4;1300;9696813149;B
20240226;100023;198.4;1000;9696813150;B
20240226;100023;198.4;2000;9696813152;B
20240226;100023;198.4;400;9696813153;B
20240226;100023;198.39;200;9696813154;S
20240226;100023;198.39;500;9696813155;S
20240226;100023;198.39;500;9696813156;S
20240226;100023;198.39;300;9696813157;S
20240226;100023;198.4;1000;9696813158;B
20240226;100023;198.39;700;9696813159;S
20240226;100023;198.4;400;9696813160;B
20240226;100023;198.39;300;9696813161;S
20240226;100023;198.4;1000;9696813162;B
20240226;100023;198.4;400;9696813163;B
20240226;100023;198.4;100;9696813165;B
20240226;100023;198.39;400;9696813166;S
20240226;100024;198.4;50;9696813332;B
20240226;100024;198.39;200;9696813352;S
20240226;100024;198.4;1100;9696813383;B
20240226;100024;198.4;100;9696813384;B
20240226;100024;198.4;100;9696813385;B
20240226;100024;198.4;500;9696813386;B
20240226;100024;198.4;600;9696813387;B
20240226;100024;198.81;5000;9696813388;B
20240226;100024;199.2;1000;9696813389;B
20240226;100024;199.72;10;9696813390;B
20240226;100024;199.95;1590;9696813391;B
20240226;100024;199.54;400;9696813395;S
20240226;100024;199.91;300;9696813396;B
20240226;100024;199.91;700;9696813397;B
20240226;100024;199.91;500;9696813398;B
20240226;100024;199.8;100;9696813399;B
20240226;100024;198.42;200;9696813400;S
20240226;100024;198.92;500;9696813405;B
20240226;100024;198.92;200;9696813407;B
20240226;100024;198.92;100;9696813409;B
20240226;100024;199.45;300;9696813410;B
20240226;100024;199.47;600;9696813411;B
20240226;100024;199.44;100;9696813413;B
20240226;100024;198.92;200;9696813415;B
20240226;100024;198.92;200;9696813416;B
20240226;100024;198.93;500;9696813424;S
20240226;100024;199.4;300;9696813434;B
20240226;100024;199.43;200;9696813437;B
20240226;100024;199.43;100;9696813455;B
20240226;100024;199.77;10;9696813458;B
20240226;100024;199.19;1400;9696813461;S
20240226;100024;199.18;1600;9696813462;S
20240226;100024;199.78;500;9696813463;B
20240226;100024;199.95;900;9696813464;B
20240226;100024;199.93;30;9696813473;B
20240226;100024;199.17;5000;9696813599;S
20240226;100024;199.05;30;9696813618;S
20240226;100024;199.19;5000;9696813673;B
20240226;100024;199.48;20;9696813674;B
20240226;100024;199.53;10;9696813675;B
20240226;100024;199.97;5000;9696813676;B
20240226;100024;199.97;1000;9696813677;B
20240226;100024;199.98;110;9696813678;B
20240226;100024;199.77;100;9696813813;B
20240226;100024;199.78;30;9696813848;B
20240226;100024;199.92;10;9696813849;B
20240226;100024;199.91;100;9696813875;S
20240226;100024;199.57;300;9696813876;B
20240226;100024;199.45;50;9696813981;B
20240226;100024;199.57;50;9696813997;B
20240226;100024;199.57;50;9696814059;B
20240226;100024;199.57;90;9696814078;B
20240226;100024;199.11;1900;9696814246;S
20240226;100024;199.11;660;9696814247;S
20240226;100024;199.46;20;9696814261;B
20240226;100024;198.95;10;9696814304;S
20240226;100024;199.46;20;9696814312;B
20240226;100024;199.46;10;9696814313;B
20240226;100024;199.46;20;9696814338;B
20240226;100024;199.49;80;9696814339;B
20240226;100024;199.49;500;9696814367;B
20240226;100025;199.54;100;9696814667;B
20240226;100025;199.54;1720;9696814932;B
20240226;100025;199.55;3280;9696814933;B
20240226;100025;199.23;10;9696815078;S
20240226;100025;199.54;620;9696815102;B
20240226;100025;199.57;380;9696815103;B
20240226;100025;199.57;30;9696815166;B
20240226;100025;199.57;60;9696815204;B
20240226;100025;199.57;30;9696815210;B
20240226;100025;199.24;550;9696815222;S
20240226;100025;199.57;440;9696815282;B
20240226;100025;199.57;30;9696815298;B
20240226;100026;199.2;900;9696815305;S
20240226;100026;199.56;10;9696815309;S
20240226;100026;199.57;40;9696815313;B
20240226;100026;199.56;10;9696815435;S
20240226;100026;199.56;50;9696815568;S
20240226;100026;199.56;420;9696815577;S
20240226;100026;199.2;100;9696815578;S
20240226;100026;199.17;500;9696815579;S
20240226;100026;199.12;10;9696815580;S
20240226;100026;199.1;1900;9696815581;S
20240226;100026;199.09;4800;9696815582;S
20240226;100026;199.08;1900;9696815583;S
20240226;100026;199.03;5000;9696815584;S
20240226;100026;199.02;100;9696815585;S
20240226;100026;198.9;1000;9696815586;S
20240226;100026;198.89;30;9696815587;S
20240226;100026;198.86;30;9696815588;S
20240226;100026;198.84;1000;9696815589;S
20240226;100026;198.7;100;9696815590;S
20240226;100026;198.67;1500;9696815591;B
20240226;100026;198.67;2000;9696815592;B
20240226;100026;198.67;300;9696815593;B
20240226;100026;198.67;2000;9696815594;B
20240226;100026;198.67;1000;9696815595;B
20240226;100026;198.67;1500;9696815596;B
20240226;100026;198.67;400;9696815597;B
20240226;100026;198.67;1000;9696815598;B
20240226;100026;198.67;400;9696815600;B
20240226;100026;198.67;1000;9696815602;B
20240226;100026;198.67;110;9696815604;B
20240226;100026;198.67;1000;9696815606;B
20240226;100026;198.66;500;9696815607;S
20240226;100026;198.66;300;9696815608;S
20240226;100026;198.66;100;9696815609;S
20240226;100026;198.66;600;9696815610;S
20240226;100026;198.67;100;9696815650;B
20240226;100026;198.67;30;9696815689;B
20240226;100026;198.67;100;9696815748;B
20240226;100026;198.67;30;9696815763;B
20240226;100026;198.67;300;9696815764;B
20240226;100026;198.67;300;9696815765;B
20240226;100026;198.67;100;9696815766;B
20240226;100026;198.67;40;9696815774;B
20240226;100026;198.67;40;9696815827;B
20240226;100026;198.67;20;9696815855;B
20240226;100026;198.67;60;9696815936;B
20240226;100026;198.67;200;9696815967;B
20240226;100026;198.67;2000;9696815991;B
20240226;100026;198.67;1150;9696815996;B
20240226;100026;198.67;10;9696816070;B
20240226;100026;198.67;100;9696816106;B
20240226;100026;198.67;10;9696816107;B
20240226;100026;198.67;40;9696816153;B
20240226;100026;198.67;30;9696816154;B
20240226;100026;198.67;90;9696816155;B
20240226;100026;198.67;1000;9696816158;B
20240226;100026;198.67;200;9696816207;B
20240226;100027;198.66;100;9696816228;S
20240226;100027;198.66;90;9696816229;S
20240226;100027;198.67;30;9696816247;B
20240226;100027;198.67;30;9696816319;B
20240226;100027;198.67;30;9696816330;B
20240226;100027;198.67;30;9696816446;B
20240226;100027;198.67;40;9696816447;B
20240226;100027;198.67;100;9696816502;B
20240226;100027;198.67;250;9696816514;B
20240226;100027;198.67;30;9696816517;B
20240226;100027;198.67;50;9696816519;B
20240226;100027;198.66;150;9696816521;S
20240226;100027;198.67;60;9696816523;B
20240226;100027;198.67;30;9696816524;B
20240226;100027;198.67;1000;9696816531;B
20240226;100027;198.67;10;9696816552;B
20240226;100027;198.67;100;9696816583;B
20240226;100027;198.67;100;9696816599;B
20240226;100027;198.66;760;9696816619;S
20240226;100027;198.66;400;9696816620;S
20240226;100027;198.66;500;9696816621;S
20240226;100027;198.66;1580;9696816622;S
20240226;100027;198.63;500;9696816623;S
20240226;100027;198.61;100;9696816624;S
20240226;100027;198.6;1000;9696816625;S
20240226;100027;198.6;400;9696816628;B
20240226;100027;198.6;40;9696816648;B
20240226;100027;198.6;1000;9696816650;B
20240226;100027;198.6;30;9696816651;B
20240226;100027;198.6;100;9696816718;B
20240226;100027;198.6;500;9696816756;B
20240226;100027;198.6;25760;9696816768;B
20240226;100027;198.6;100;9696816847;B
20240226;100027;198.6;50;9696816871;B
20240226;100028;198.6;10;9696816928;B
20240226;100028;198.6;100;9696816967;B
20240226;100028;198.6;10;9696816974;B
20240226;100028;198.6;10;9696816975;B
20240226;100028;198.59;20;9696816997;S
20240226;100028;198.6;80;9696817063;B
20240226;100028;198.6;100;9696817131;B
20240226;100028;198.59;200;9696817155;S
20240226;100028;198.6;1000;9696817165;B
20240226;100028;198.6;40;9696817194;B
20240226;100028;198.6;40;9696817200;B
20240226;100028;198.6;100;9696817205;B
20240226;100028;198.59;280;9696817243;S
20240226;100028;198.59;400;9696817244;S
20240226;100028;198.59;1000;9696817245;S
20240226;100028;198.54;10;9696817246;S
20240226;100028;198.53;300;9696817248;B
20240226;100028;198.53;10;9696817249;B
20240226;100028;198.59;190;9696817251;B
20240226;100028;198.59;110;9696817253;B
20240226;100028;198.59;90;9696817254;B
20240226;100028;198.59;10;9696817276;B
20240226;100028;198.59;40;9696817285;B
20240226;100028;198.59;60;9696817297;B
20240226;100028;198.6;740;9696817298;B
20240226;100028;198.6;30;9696817309;B
20240226;100028;198.53;200;9696817311;S
20240226;100028;198.56;1580;9696817378;S
20240226;100028;198.56;1000;9696817379;S
20240226;100028;198.48;200;9696817380;S
20240226;100028;198.46;270;9696817381;S
20240226;100028;198.59;50;9696817470;B
20240226;100028;198.58;100;9696817496;S
20240226;100028;198.6;30;9696817519;B
20240226;100028;198.6;10;9696817528;B
20240226;100028;198.6;30;9696817540;B
20240226;100028;198.58;50;9696817579;S
20240226;100028;198.58;20;9696817586;S
20240226;100028;198.6;120;9696817597;B
20240226;100029;198.6;500;9696817671;B
20240226;100029;198.6;30;9696817724;B
20240226;100029;198.6;3140;9696817738;B
20240226;100029;198.59;20;9696817870;B
20240226;100029;198.58;30;9696817914;S
20240226;100029;198.54;470;9696817915;S
20240226;100029;198.58;290;9696818049;B
20240226;100029;198.59;30;9696818098;B
20240226;100029;198.59;300;9696818106;B
20240226;100029;198.59;650;9696818119;B
20240226;100029;198.6;530;9696818120;B
20240226;100030;198.47;110;9696818284;S
20240226;100030;198.59;100;9696818640;S
20240226;100030;198.54;200;9696818730;B
20240226;100030;198.54;300;9696818731;B
20240226;100030;198.53;10;9696818746;S
20240226;100030;198.54;30;9696818749;B
20240226;100030;198.54;120;9696818775;B
20240226;100030;198.53;990;9696818784;S
20240226;100030;198.53;1580;9696818785;S
20240226;100030;198.52;500;9696818786;S
20240226;100030;198.48;10;9696818787;S
20240226;100030;198.46;730;9696818788;S
20240226;100030;198.44;50;9696818789;S
20240226;100030;198.42;10;9696818790;S
20240226;100030;198.4;800;9696818791;S
20240226;100030;198.4;330;9696818792;S
20240226;100031;198.44;40;9696818943;S
20240226;100031;198.54;40;9696818965;B
20240226;100031;198.54;30;9696819012;B
20240226;100031;198.54;20;9696819085;B
20240226;100031;198.54;160;9696819185;B
20240226;100031;198.55;640;9696819186;B
20240226;100031;198.56;30;9696819203;B
20240226;100031;198.41;50;9696819301;S
20240226;100031;198.53;30;9696819313;B
20240226;100031;198.53;20;9696819337;B
20240226;100031;198.54;90;9696819338;B
20240226;100031;198.54;880;9696819345;B
20240226;100031;198.55;4120;9696819346;B
20240226;100031;198.56;40;9696819355;B
20240226;100031;198.56;30;9696819356;B
20240226;100032;198.56;30;9696819589;B
20240226;100032;198.56;1000;9696819590;B
20240226;100032;198.56;10;9696819670;B
20240226;100032;198.51;40;9696819791;B
20240226;100032;198.57;60;9696819803;B
20240226;100032;198.57;10;9696819864;B
20240226;100032;198.57;100;9696819945;B
20240226;100032;198.57;30;9696819980;B
20240226;100033;198.5;10;9696820146;S
20240226;100033;198.48;10;9696820147;S
20240226;100033;198.48;1570;9696820172;S
20240226;100033;198.47;500;9696820173;S
20240226;100033;198.47;930;9696820174;S
20240226;100033;198.54;40;9696820263;B
20240226;100033;198.53;100;9696820266;B
20240226;100033;198.54;460;9696820347;B
20240226;100033;198.55;10;9696820348;B
20240226;100033;198.55;530;9696820349;B
20240226;100033;198.55;500;9696820366;B
20240226;100033;198.47;190;9696820408;S
20240226;100033;198.47;40;9696820435;S
20240226;100033;198.47;10;9696820456;S
20240226;100033;198.47;10;9696820503;S
20240226;100033;198.55;10;9696820578;B
20240226;100033;198.56;200;9696820618;B
20240226;100033;198.55;90;9696820663;S
20240226;100033;198.55;10;9696820664;S
20240226;100033;198.55;60;9696820669;S
20240226;100033;198.56;100;9696820773;B
20240226;100034;198.56;40;9696820838;B
20240226;100034;198.56;80;9696820939;B
20240226;100034;198.56;100;9696821092;B
20240226;100034;198.55;100;9696821115;S
20240226;100034;198.55;200;9696821142;S
20240226;100035;198.56;100;9696821444;B
20240226;100035;198.56;40;9696821473;B
20240226;100035;198.55;50;9696821676;S
20240226;100035;198.55;200;9696821680;S
20240226;100035;198.56;30;9696821693;B
20240226;100036;198.56;100;9696821901;B
20240226;100036;198.56;60;9696821903;B
20240226;100036;198.56;30;9696821908;B
20240226;100036;198.56;10;9696821927;B
20240226;100036;198.56;1000;9696821932;B
20240226;100036;198.55;280;9696821939;S
20240226;100036;198.44;1210;9696821956;S
20240226;100036;198.44;40;9696821973;S
20240226;100036;198.55;20;9696822079;B
20240226;100036;198.56;80;9696822080;B
20240226;100036;198.55;500;9696822288;B
20240226;100037;198.56;30;9696822736;B
20240226;100037;198.56;240;9696822760;B
20240226;100037;198.52;10;9696822767;S
20240226;100037;198.48;40;9696822768;S
20240226;100037;198.54;100;9696822898;B
20240226;100037;198.56;180;9696822899;B
20240226;100037;198.57;800;9696822900;B
20240226;100037;198.57;2580;9696822901;B
20240226;100037;198.58;10;9696822902;B
20240226;100037;198.6;5530;9696822903;B
20240226;100037;198.61;770;9696822904;B
20240226;100037;198.65;1580;9696822905;B
20240226;100037;198.66;400;9696822906;B
20240226;100037;198.66;400;9696822907;B
20240226;100037;198.66;450;9696822908;B
20240226;100037;198.52;100;9696822938;S
20240226;100037;198.52;100;9696823025;S
20240226;100038;198.52;100;9696823153;B
20240226;100038;198.52;300;9696823339;B
20240226;100038;198.52;600;9696823340;B
20240226;100038;198.53;400;9696823437;S
20240226;100038;198.53;80;9696823438;S
20240226;100038;198.54;30;9696823450;B
20240226;100039;198.53;920;9696823530;S
20240226;100039;198.53;80;9696823531;S
20240226;100039;198.53;420;9696823573;S
20240226;100039;198.53;1000;9696823574;S
20240226;100039;198.52;400;9696823575;S
20240226;100039;198.52;300;9696823576;S
20240226;100039;198.52;900;9696823577;S
20240226;100039;198.51;200;9696823578;S
20240226;100039;198.5;10;9696823579;S
20240226;100039;198.47;2300;9696823580;S
20240226;100039;198.47;140;9696823581;S
20240226;100039;198.41;200;9696823582;S
20240226;100039;198.4;870;9696823583;S
20240226;100039;198.39;300;9696823584;S
20240226;100039;198.38;10;9696823585;S
20240226;100039;198.38;820;9696823586;S
20240226;100039;198.39;100;9696823622;S
20240226;100039;198.5;20;9696823755;B
20240226;100039;198.52;1580;9696823756;B
20240226;100039;198.53;400;9696823757;B
20240226;100039;198.51;40;9696823777;B
20240226;100040;198.51;20;9696823975;B
20240226;100040;198.49;400;9696824058;B
20240226;100040;198.5;10;9696824082;B
20240226;100040;198.5;530;9696824134;B
20240226;100040;198.53;100;9696824135;B
20240226;100040;198.54;940;9696824136;B
20240226;100040;198.54;30;9696824151;B
20240226;100040;198.43;100;9696824205;S
20240226;100040;198.54;100;9696824392;B
20240226;100041;198.54;50;9696824444;B
20240226;100041;198.45;1000;9696824715;S
20240226;100041;198.44;100;9696824716;S
20240226;100041;198.42;50;9696824717;S
20240226;100041;198.41;10;9696824718;S
20240226;100041;198.38;180;9696824719;S
20240226;100041;198.32;10;9696824720;S
20240226;100041;198.28;100;9696824721;S
20240226;100041;198.26;60;9696824722;S
20240226;100041;198.24;1000;9696824723;S
20240226;100041;198.2;130;9696824724;S
20240226;100041;198.2;10;9696824725;S
20240226;100041;198.2;100;9696824726;S
20240226;100041;198.2;50;9696824727;S
20240226;100041;198.16;10;9696824728;S
20240226;100041;198.15;50;9696824729;S
20240226;100041;198.14;1140;9696824730;S
20240226;100041;198.11;10;9696824731;S
20240226;100041;198.06;1900;9696824732;S
20240226;100041;198.05;2590;9696824733;S
20240226;100041;198.31;300;9696824735;B
20240226;100041;198.37;30;9696824755;B
20240226;100041;198.43;900;9696824771;B
20240226;100041;198.3;200;9696824811;S
20240226;100041;198.47;150;9696824852;S
20240226;100041;198.48;10;9696824922;B
20240226;100042;198.47;40;9696824980;S
20240226;100042;198.47;50;9696825004;S
20240226;100042;198.47;300;9696825029;S
20240226;100042;198.47;700;9696825030;S
20240226;100042;198.48;390;9696825033;B
20240226;100042;198.54;310;9696825034;B
20240226;100042;198.47;9260;9696825122;S
20240226;100042;198.45;740;9696825123;S
20240226;100042;198.43;80;9696825138;S
20240226;100042;198.32;210;9696825139;S
20240226;100042;198.32;700;9696825151;S
20240226;100042;198.32;90;9696825152;S
20240226;100042;198.16;20;9696825224;S
20240226;100043;198.32;10;9696825491;B
20240226;100043;198.31;100;9696825562;S
20240226;100043;198.3;100;9696825797;B
20240226;100043;198.3;50;9696825839;B
20240226;100043;198.18;10;9696825943;S
20240226;100043;198.31;1000;9696825991;B
20240226;100043;198.19;40;9696826038;S
20240226;100043;198.18;80;9696826039;S
20240226;100044;198.32;300;9696826307;B
20240226;100044;198.41;150;9696826308;B
20240226;100044;198.49;100;9696826309;B
20240226;100044;198.49;100;9696826310;B
20240226;100044;198.25;90;9696826505;S
20240226;100044;198.24;1000;9696826506;S
20240226;100044;198.18;1410;9696826507;S
20240226;100044;198.22;1100;9696826551;S
20240226;100044;198.21;1000;9696826552;S
20240226;100044;198.17;2900;9696826553;S
20240226;100044;198.18;30;9696826600;S
20240226;100044;198.32;30;9696826622;B
20240226;100044;198.4;50;9696826689;B
20240226;100045;198.47;1580;9696827130;B
