<DATE>;<TIME>;<LAST>;<VOL>;<ID>;<OPER>
20240122;095959;192.910000000;40;9449721893;B
20240122;095959;192.910000000;10;9449721894;B
20240122;095959;192.910000000;450;9449721895;B
20240122;095959;192.910000000;50;9449721896;B
20240122;095959;192.910000000;30;9449721897;B
20240122;095959;192.910000000;50;9449721898;B
20240122;095959;192.910000000;10;9449721899;B
20240122;095959;192.910000000;50;9449721900;B
20240122;095959;192.910000000;10;9449721901;S
20240122;095959;192.910000000;10;9449721902;S
20240122;095959;192.910000000;10;9449721903;S
20240122;095959;192.910000000;500;9449721904;S
20240122;095959;192.910000000;100;9449721905;B
20240122;095959;192.910000000;40;9449721906;S
20240122;095959;192.910000000;30;9449721907;S
20240122;095959;192.910000000;10;9449721908;S
20240122;095959;192.910000000;10;9449721909;S
20240122;095959;192.910000000;30;9449721910;S
20240122;095959;192.910000000;30;9449721911;S
20240122;095959;192.910000000;30;9449721912;S
20240122;095959;192.910000000;20;9449721913;S
20240122;095959;192.910000000;30;9449721914;S
20240122;095959;192.910000000;10;9449721915;S
20240122;095959;192.910000000;10;9449721916;S
20240122;095959;192.910000000;10;9449721917;S
20240122;095959;192.910000000;20;9449721918;S
20240122;095959;192.910000000;10;9449721919;S
20240122;095959;192.910000000;10;9449721920;S
20240122;095959;192.910000000;10;9449721921;S
20240122;095959;192.910000000;10;9449721922;S
20240122;095959;192.910000000;10;9449721923;S
20240122;095959;192.910000000;20;9449721924;S
20240122;095959;192.910000000;10;9449721925;S
20240122;095959;192.910000000;10;9449721926;S
20240122;095959;192.910000000;10;9449721927;S
20240122;095959;192.910000000;10;9449721928;S
20240122;095959;192.910000000;100;9449721929;S
20240122;095959;192.910000000;100;9449721930;B
20240122;095959;192.910000000;20;9449721931;B
20240122;095959;192.910000000;10;9449721932;S
20240122;095959;192.910000000;40;9449721933;B
20240122;095959;192.910000000;200;9449721934;B
20240122;095959;192.910000000;30;9449721935;S
20240122;095959;192.910000000;30;9449721936;S
20240122;095959;192.910000000;30;9449721937;S
20240122;095959;192.910000000;10;9449721938;B
20240122;095959;192.910000000;40;9449721939;S
20240122;095959;192.910000000;70;9449721940;B
20240122;095959;192.910000000;10;9449721941;B
20240122;095959;192.910000000;10;9449721942;B
20240122;095959;192.910000000;30;9449721943;B
20240122;095959;192.910000000;10;9449721944;B
20240122;095959;192.910000000;10;9449721945;B
20240122;095959;192.910000000;10;9449721946;B
20240122;095959;192.910000000;30;9449721947;B
20240122;095959;192.910000000;80;9449721948;B
20240122;100000;192.920000000;260;9449722432;B
20240122;100001;192.910000000;90;9449723700;S
20240122;100001;193.000000000;250;9449723815;B
20240122;100001;193.000000000;10;9449723816;B
20240122;100001;193.050000000;60;9449723817;B
20240122;100001;193.100000000;180;9449723818;B
20240122;100004;192.930000000;30;9449727043;S
20240122;100004;192.930000000;20;9449727044;S
20240122;100004;192.930000000;10;9449727046;S
20240122;100004;192.930000000;30;9449727402;S
20240122;100005;192.910000000;10;9449728351;S
20240122;100005;192.950000000;10;9449728500;S
20240122;100005;193.100000000;10;9449728502;B
20240122;100005;193.100000000;10;9449728503;B
20240122;100005;193.100000000;30;9449728504;B
20240122;100005;193.100000000;10;9449728509;B
20240122;100005;192.950000000;20;9449728773;S
20240122;100005;192.950000000;10;9449728803;S
20240122;100005;193.100000000;10;9449729030;B
20240122;100005;192.950000000;10;9449729273;S
20240122;100005;192.950000000;50;9449729275;S
20240122;100005;192.950000000;20;9449729278;S
20240122;100006;193.090000000;10;9449730509;B
20240122;100006;193.090000000;10;9449730511;B
20240122;100006;193.090000000;50;9449730512;B
20240122;100006;192.950000000;10;9449730513;S
20240122;100006;193.090000000;170;9449730518;B
20240122;100006;193.090000000;10;9449730977;B
20240122;100006;193.090000000;10;9449731670;B
20240122;100006;193.090000000;10;9449731727;B
20240122;100006;193.090000000;100;9449731754;B
20240122;100006;193.090000000;10;9449731762;B
20240122;100006;192.950000000;10;9449731766;S
20240122;100006;192.950000000;20;9449731778;S
20240122;100006;193.090000000;10;9449731936;B
20240122;100006;193.090000000;10;9449731941;B
20240122;100006;192.930000000;110;9449731943;S
20240122;100006;193.090000000;10;9449731945;B
20240122;100006;192.930000000;10;9449733204;S
20240122;100006;192.930000000;10;9449733205;S
20240122;100006;192.930000000;650;9449733206;S
20240122;100006;192.920000000;200;9449733207;S
20240122;100006;192.910000000;820;9449733208;S
20240122;100006;192.910000000;50;9449733209;S
20240122;100006;192.910000000;40;9449733210;S
20240122;100006;192.900000000;10;9449733211;S
20240122;100006;192.810000000;10;9449733212;S
20240122;100006;192.810000000;10;9449733213;S
20240122;100006;192.810000000;10;9449733214;S
20240122;100006;192.810000000;10;9449733215;S
20240122;100006;192.810000000;160;9449733216;S
20240122;100006;192.800000000;10;9449733217;S
20240122;100006;192.790000000;10;9449733218;S
20240122;100006;192.770000000;10;9449733219;S
20240122;100006;192.720000000;570;9449733220;S
20240122;100006;192.720000000;940;9449733221;S
20240122;100006;192.710000000;2600;9449733222;S
20240122;100006;192.700000000;10;9449733223;S
20240122;100006;192.700000000;20;9449733224;S
20240122;100006;192.620000000;10;9449733225;S
20240122;100006;192.620000000;2550;9449733226;S
20240122;100006;193.070000000;10;9449733281;B
20240122;100007;192.600000000;30;9449734884;S
20240122;100007;192.600000000;150;9449734887;S
20240122;100007;192.600000000;10;9449734911;S
20240122;100007;192.970000000;10;9449734924;B
20240122;100007;192.600000000;10;9449734925;S
20240122;100007;192.600000000;50;9449735437;S
20240122;100007;192.950000000;10;9449735438;B
20240122;100008;192.710000000;10;9449735799;S
20240122;100008;193.030000000;10;9449735803;B
20240122;100008;192.700000000;10;9449735806;S
20240122;100008;192.730000000;10;9449736065;S
20240122;100008;192.710000000;10;9449736123;S
20240122;100008;192.710000000;20;9449736124;S
20240122;100008;193.080000000;10;9449736365;B
20240122;100008;193.080000000;10;9449736366;B
20240122;100008;193.080000000;10;9449736368;B
20240122;100008;192.710000000;500;9449736638;S
20240122;100009;193.050000000;100;9449737109;B
20240122;100009;193.050000000;10;9449737110;B
20240122;100009;193.050000000;10;9449737111;B
20240122;100010;193.050000000;330;9449737854;B
20240122;100025;193.070000000;60;9449741998;B
20240122;100028;192.890000000;80;9449742945;S
20240122;100028;192.810000000;510;9449742946;S
20240122;100028;192.800000000;20;9449742947;S
20240122;100031;193.030000000;200;9449743742;B
20240122;100031;193.030000000;50;9449743743;B
20240122;100036;192.840000000;80;9449745044;S
20240122;100036;192.830000000;780;9449745045;S
20240122;100036;192.820000000;140;9449745046;S
20240122;100038;192.990000000;100;9449745640;S
20240122;100044;192.830000000;10;9449747266;S
20240122;100044;192.830000000;90;9449747267;B
20240122;100044;193.030000000;80;9449747315;B
20240122;100045;193.080000000;20;9449747490;B
20240122;100047;192.980000000;500;9449748138;S
20240122;100047;192.830000000;50;9449748139;S
20240122;100047;192.820000000;450;9449748140;S
20240122;100048;193.040000000;10;9449748485;B
20240122;100048;193.050000000;20;9449748486;B
20240122;100051;192.920000000;80;9449749277;S
20240122;100052;192.830000000;10;9449749487;S
20240122;100057;192.850000000;40;9449750713;S
20240122;100058;192.820000000;10;9449750905;S
20240122;100100;192.830000000;10;9449751680;B
20240122;100113;192.830000000;10;9449754165;B
20240122;100116;192.830000000;80;9449754558;B
20240122;100116;192.830000000;140;9449754559;B
20240122;100116;193.000000000;100;9449754710;B
20240122;100127;192.990000000;10;9449756546;S
20240122;100141;192.990000000;60;9449759170;S
20240122;100142;192.990000000;40;9449759435;S
20240122;100142;192.990000000;30;9449759477;S
20240122;100143;192.990000000;60;9449759478;S
20240122;100144;192.990000000;60;9449759649;S
20240122;100154;192.990000000;100;9449761696;S
20240122;100154;192.990000000;110;9449761700;S
20240122;100202;193.000000000;90;9449763334;B
20240122;100207;192.990000000;530;9449764193;S
20240122;100207;192.990000000;10;9449764194;S
20240122;100207;192.990000000;100;9449764195;S
20240122;100207;192.970000000;10;9449764196;S
20240122;100207;192.880000000;500;9449764198;S
20240122;100207;192.870000000;190;9449764199;S
20240122;100207;192.830000000;300;9449764200;S
20240122;100210;192.960000000;10;9449764745;B
20240122;100217;192.930000000;50;9449766064;S
20240122;100220;192.910000000;500;9449766626;S
20240122;100224;192.890000000;10;9449767468;S
20240122;100225;192.920000000;10;9449767671;B
20240122;100232;192.840000000;110;9449768873;S
20240122;100241;192.930000000;50;9449771404;B
20240122;100241;192.920000000;40;9449771536;S
20240122;100243;192.930000000;10;9449772173;B
20240122;100244;192.920000000;30;9449772444;S
20240122;100247;192.920000000;130;9449773044;S
20240122;100247;192.900000000;50;9449773045;S
20240122;100247;192.890000000;120;9449773046;S
20240122;100247;192.880000000;230;9449773047;S
20240122;100251;192.930000000;40;9449773637;B
20240122;100251;192.930000000;10;9449773713;B
20240122;100252;192.930000000;50;9449774066;B
20240122;100253;192.930000000;10;9449774222;B
20240122;100259;192.880000000;10;9449775175;S
20240122;100310;192.880000000;50;9449777202;S
20240122;100311;192.930000000;10;9449777397;B
20240122;100312;192.890000000;40;9449777481;S
20240122;100312;192.860000000;770;9449777482;S
20240122;100313;192.900000000;30;9449777808;S
20240122;100317;192.900000000;180;9449778512;S
20240122;100321;192.930000000;30;9449779163;B
20240122;100321;192.940000000;10;9449779164;B
20240122;100330;192.940000000;30;9449780628;S
20240122;100330;192.920000000;60;9449780629;S
20240122;100336;192.970000000;50;9449781795;B
20240122;100336;192.940000000;50;9449781808;S
20240122;100336;192.940000000;440;9449781809;S
20240122;100336;192.930000000;510;9449781810;S
20240122;100341;192.980000000;20;9449783046;B
20240122;100358;192.980000000;100;9449786063;B
20240122;100358;192.980000000;50;9449786070;B
20240122;100358;192.980000000;150;9449786112;B
20240122;100359;192.980000000;250;9449786214;B
20240122;100359;192.980000000;120;9449786367;B
20240122;100400;192.970000000;50;9449786635;S
20240122;100400;192.980000000;470;9449786789;B
20240122;100400;192.990000000;20;9449786791;B
20240122;100401;192.990000000;30;9449786841;B
20240122;100401;193.000000000;60;9449786842;B
20240122;100401;193.000000000;140;9449786844;B
20240122;100401;193.000000000;400;9449786845;B
20240122;100401;193.000000000;30;9449786846;B
20240122;100401;193.000000000;40;9449786847;B
20240122;100401;193.000000000;10;9449786848;B
20240122;100401;193.000000000;1500;9449786849;B
20240122;100401;193.010000000;160;9449786850;B
20240122;100401;193.050000000;100;9449786858;S
20240122;100401;193.050000000;700;9449786859;B
20240122;100401;193.100000000;50;9449786984;B
20240122;100401;193.100000000;490;9449786985;B
20240122;100401;193.100000000;600;9449786986;B
20240122;100404;193.090000000;330;9449787609;S
20240122;100405;193.100000000;10;9449787889;B
20240122;100406;193.100000000;1000;9449788006;B
20240122;100408;193.100000000;80;9449788551;B
20240122;100412;193.100000000;10;9449789396;B
20240122;100417;193.090000000;500;9449790533;S
20240122;100417;193.090000000;300;9449790534;S
20240122;100418;193.100000000;10;9449790797;B
20240122;100419;193.090000000;100;9449790901;S
20240122;100420;193.090000000;10;9449791168;S
20240122;100423;193.090000000;590;9449791635;S
20240122;100423;193.090000000;80;9449791636;S
20240122;100423;193.090000000;1000;9449791637;S
20240122;100423;193.080000000;110;9449791638;S
20240122;100423;193.080000000;220;9449791639;S
20240122;100423;193.020000000;100;9449791737;S
20240122;100428;193.040000000;10;9449792531;S
20240122;100434;193.100000000;800;9449793773;B
20240122;100434;193.100000000;40;9449793774;B
20240122;100436;193.100000000;60;9449794023;B
20240122;100436;193.100000000;10;9449794024;B
20240122;100436;193.100000000;20;9449794025;B
20240122;100439;193.080000000;50;9449794725;S
20240122;100439;193.080000000;520;9449794776;S
20240122;100454;193.090000000;10;9449797815;B
20240122;100503;193.090000000;10;9449799769;S
20240122;100503;193.100000000;10;9449799855;B
20240122;100504;193.090000000;10;9449800138;S
20240122;100505;193.100000000;10;9449800290;B
20240122;100518;193.100000000;20;9449803098;B
20240122;100518;193.100000000;2940;9449803210;B
20240122;100524;193.090000000;50;9449804417;S
20240122;100524;193.090000000;10;9449804418;S
20240122;100524;193.090000000;10;9449804419;S
20240122;100524;193.050000000;30;9449804420;S
20240122;100527;193.080000000;30;9449804968;S
20240122;100537;193.060000000;30;9449806802;S
20240122;100538;193.080000000;250;9449807114;S
20240122;100538;193.090000000;50;9449807122;B
20240122;100538;193.100000000;140;9449807123;B
20240122;100539;193.100000000;10;9449807146;B
20240122;100541;193.080000000;100;9449807449;S
20240122;100544;193.100000000;300;9449808334;B
20240122;100553;193.090000000;10;9449809834;S
20240122;100553;193.090000000;80;9449809835;S
20240122;100557;193.100000000;10;9449810454;B
20240122;100558;193.100000000;40;9449810743;B
20240122;100559;193.100000000;300;9449810951;B
20240122;100607;193.100000000;20;9449812594;B
20240122;100610;193.100000000;10;9449813142;B
20240122;100612;193.100000000;40;9449813583;B
20240122;100612;193.090000000;10;9449813584;S
20240122;100614;193.080000000;650;9449813947;S
20240122;100616;193.060000000;10;9449814352;S
20240122;100617;193.060000000;10;9449814646;S
20240122;100617;193.040000000;20;9449814647;S
20240122;100625;193.090000000;40;9449816274;B
20240122;100627;193.040000000;30;9449816734;S
20240122;100627;193.040000000;90;9449816735;S
20240122;100630;193.080000000;100;9449817219;B
20240122;100630;193.090000000;200;9449817220;B
20240122;100635;193.100000000;2760;9449818070;B
20240122;100635;193.100000000;120;9449818071;B
20240122;100635;193.100000000;100;9449818072;B
20240122;100635;193.100000000;1020;9449818073;B
20240122;100640;193.040000000;30;9449818970;S
20240122;100641;193.040000000;10;9449819111;S
20240122;100648;193.090000000;10;9449820148;B
20240122;100650;193.040000000;10;9449820677;S
20240122;100652;193.090000000;90;9449820880;B
20240122;100652;193.090000000;130;9449820881;B
20240122;100653;193.040000000;100;9449821086;S
20240122;100654;193.040000000;400;9449821186;S
20240122;100655;193.080000000;10;9449821344;B
20240122;100700;193.080000000;70;9449822201;B
20240122;100702;193.050000000;10;9449823047;S
20240122;100704;193.050000000;40;9449823611;S
20240122;100706;193.080000000;100;9449824098;B
20240122;100706;193.080000000;400;9449824099;B
20240122;100709;193.050000000;250;9449824484;S
20240122;100709;193.050000000;1000;9449824485;S
20240122;100709;193.070000000;100;9449824663;B
20240122;100709;193.080000000;400;9449824664;B
20240122;100715;193.040000000;360;9449825628;S
20240122;100715;193.040000000;120;9449825629;S
20240122;100715;193.050000000;50;9449825631;B
20240122;100719;193.050000000;60;9449826507;B
20240122;100719;193.050000000;100;9449826508;B
20240122;100719;193.060000000;780;9449826509;B
20240122;100719;193.060000000;500;9449826510;B
20240122;100719;193.090000000;170;9449826511;B
20240122;100719;193.100000000;1390;9449826512;B
20240122;100725;193.080000000;100;9449827579;B
20240122;100725;193.090000000;780;9449827580;B
20240122;100725;193.090000000;400;9449827581;B
20240122;100725;193.050000000;10;9449827622;S
20240122;100725;193.010000000;520;9449827623;S
20240122;100725;193.010000000;190;9449827624;B
20240122;100725;193.000000000;300;9449827625;S
20240122;100725;193.000000000;50;9449827626;S
20240122;100725;193.000000000;10;9449827627;S
20240122;100725;192.940000000;100;9449827628;S
20240122;100726;192.930000000;180;9449827702;S
20240122;100727;192.960000000;20;9449827941;B
20240122;100728;192.930000000;310;9449828018;S
20240122;100732;192.900000000;40;9449828878;S
20240122;100732;192.870000000;30;9449828879;S
20240122;100739;192.910000000;10;9449830332;B
20240122;100743;192.910000000;50;9449830925;B
20240122;100754;192.910000000;20;9449832425;B
20240122;100756;192.920000000;20;9449832780;B
20240122;100756;192.920000000;60;9449832813;B
20240122;100756;192.930000000;80;9449832814;B
20240122;100757;192.970000000;20;9449833005;B
20240122;100805;192.980000000;80;9449834543;S
20240122;100805;192.960000000;80;9449834544;S
20240122;100805;192.960000000;80;9449834545;S
20240122;100805;192.950000000;330;9449834546;S
20240122;100805;192.940000000;80;9449834547;S
20240122;100805;192.930000000;190;9449834548;S
20240122;100805;192.910000000;80;9449834549;S
20240122;100805;192.900000000;410;9449834550;S
20240122;100808;192.980000000;10;9449835104;B
20240122;100809;192.980000000;20;9449835226;B
20240122;100811;192.920000000;100;9449835615;S
20240122;100812;192.980000000;50;9449835866;B
20240122;100812;192.990000000;20;9449835867;B
20240122;100823;192.960000000;10;9449837522;B
20240122;100827;192.920000000;720;9449838178;S
20240122;100827;192.920000000;500;9449838179;S
20240122;100833;192.900000000;360;9449839129;S
20240122;100834;192.920000000;50;9449839329;B
20240122;100841;192.900000000;50;9449840298;B
20240122;100843;192.880000000;30;9449840624;S
20240122;100844;192.900000000;70;9449840792;B
20240122;100844;192.900000000;50;9449840793;B
20240122;100844;192.900000000;80;9449840794;B
20240122;100847;192.880000000;230;9449841216;S
20240122;100847;192.880000000;40;9449841217;S
20240122;100848;192.880000000;70;9449841373;B
20240122;100848;192.890000000;150;9449841374;B
20240122;100848;192.890000000;500;9449841375;B
20240122;100848;192.900000000;10;9449841376;B
20240122;100856;192.860000000;80;9449843091;S
20240122;100856;192.850000000;140;9449843092;S
20240122;100901;192.850000000;2760;9449843859;S
20240122;100901;192.850000000;60;9449843860;S
20240122;100901;192.850000000;490;9449843861;S
20240122;100904;192.850000000;160;9449844534;S
20240122;100908;192.850000000;350;9449845226;S
20240122;100908;192.840000000;30;9449845227;S
20240122;100908;192.830000000;480;9449845228;S
20240122;100908;192.830000000;150;9449845229;S
20240122;100908;192.800000000;170;9449845230;S
20240122;100908;192.800000000;800;9449845231;S
20240122;100915;192.800000000;30;9449846666;S
20240122;100916;192.750000000;70;9449846775;S
20240122;100917;192.750000000;30;9449846988;S
20240122;100917;192.750000000;20;9449846989;S
20240122;100921;192.760000000;400;9449847658;B
20240122;100922;192.750000000;20;9449847687;S
20240122;100924;192.750000000;1510;9449848124;S
20240122;100924;192.740000000;60;9449848125;S
20240122;100924;192.730000000;500;9449848126;S
20240122;100927;192.710000000;30;9449848746;S
20240122;100927;192.700000000;470;9449848747;S
20240122;100927;192.740000000;430;9449848753;B
20240122;100927;192.740000000;60;9449848754;B
20240122;100927;192.740000000;10;9449848755;B
20240122;100930;192.700000000;10;9449849434;S
20240122;100938;192.740000000;60;9449850436;B
20240122;100938;192.740000000;440;9449850437;B
20240122;100947;192.750000000;30;9449852426;B
20240122;100947;192.760000000;10;9449852427;B
20240122;100947;192.710000000;10;9449852428;S
20240122;100952;192.730000000;30;9449853083;S
20240122;100955;192.730000000;10;9449853478;S
20240122;100955;192.710000000;10;9449853479;S
20240122;100955;192.730000000;20;9449853490;S
20240122;100958;192.770000000;10;9449854101;B
20240122;101001;192.780000000;190;9449854995;B
20240122;101001;192.780000000;60;9449854996;B
20240122;101001;192.800000000;90;9449854997;B
20240122;101001;192.820000000;160;9449854998;B
20240122;101005;192.720000000;10;9449855876;S
20240122;101005;192.710000000;30;9449855877;S
20240122;101005;192.710000000;50;9449855878;S
20240122;101005;192.710000000;80;9449856007;S
20240122;101005;192.710000000;10;9449856008;S
20240122;101005;192.700000000;90;9449856082;S
20240122;101005;192.700000000;90;9449856115;S
20240122;101008;192.700000000;330;9449856493;S
20240122;101008;192.700000000;50;9449856494;S
20240122;101008;192.700000000;10;9449856495;S
20240122;101008;192.700000000;1000;9449856496;S
20240122;101008;192.690000000;10;9449856568;B
20240122;101009;192.670000000;30;9449856706;S
20240122;101010;192.680000000;10;9449856877;B
20240122;101010;192.680000000;20;9449856878;B
20240122;101013;192.660000000;10;9449857687;S
20240122;101017;192.660000000;10;9449858333;S
20240122;101018;192.690000000;60;9449858491;B
20240122;101018;192.690000000;120;9449858492;S
20240122;101020;192.660000000;30;9449858745;S
20240122;101020;192.650000000;500;9449858746;S
20240122;101020;192.650000000;300;9449858747;S
20240122;101020;192.640000000;60;9449858748;S
20240122;101020;192.620000000;100;9449858749;B
20240122;101022;192.600000000;70;9449859130;S
20240122;101022;192.600000000;10;9449859131;S
20240122;101022;192.600000000;20;9449859132;S
20240122;101025;192.620000000;1000;9449859709;B
20240122;101027;192.660000000;50;9449859938;B
20240122;101028;192.700000000;110;9449860050;B
20240122;101034;192.720000000;10;9449861048;B
20240122;101039;192.710000000;40;9449861810;S
20240122;101040;192.720000000;10;9449861924;B
20240122;101044;192.710000000;510;9449862457;S
20240122;101044;192.710000000;450;9449862460;S
20240122;101049;192.680000000;20;9449863384;B
20240122;101050;192.610000000;60;9449863573;S
20240122;101050;192.610000000;10;9449863574;S
20240122;101050;192.610000000;20;9449863575;S
20240122;101052;192.680000000;30;9449863827;B
20240122;101054;192.610000000;610;9449864247;S
20240122;101054;192.600000000;30;9449864248;S
20240122;101054;192.600000000;360;9449864249;S
20240122;101100;192.640000000;20;9449865347;B
20240122;101100;192.600000000;10;9449865474;S
20240122;101110;192.620000000;10;9449867290;B
20240122;101111;192.600000000;10;9449867481;S
20240122;101112;192.640000000;60;9449867594;B
20240122;101112;192.640000000;440;9449867595;B
20240122;101112;192.600000000;10;9449867624;S
20240122;101114;192.640000000;10;9449867895;B
20240122;101134;192.650000000;10;9449870878;B
20240122;101135;192.650000000;10;9449870886;B
20240122;101139;192.650000000;60;9449871495;B
20240122;101139;192.670000000;50;9449871496;B
20240122;101140;192.680000000;10;9449871696;B
20240122;101143;192.640000000;10;9449871948;S
20240122;101143;192.640000000;240;9449871949;S
20240122;101143;192.640000000;260;9449871988;S
20240122;101143;192.620000000;40;9449871989;S
20240122;101148;192.690000000;110;9449873324;B
20240122;101158;192.650000000;50;9449874774;S
20240122;101203;192.720000000;60;9449875499;B
20240122;101203;192.720000000;500;9449875500;B
20240122;101203;192.720000000;80;9449875501;B
20240122;101203;192.720000000;30;9449875502;B
20240122;101203;192.720000000;50;9449875503;S
20240122;101203;192.720000000;120;9449875504;S
20240122;101203;192.720000000;50;9449875505;B
20240122;101203;192.720000000;50;9449875506;B
20240122;101203;192.660000000;190;9449875542;S
20240122;101203;192.660000000;540;9449875543;B
20240122;101203;192.630000000;190;9449875544;S
20240122;101203;192.630000000;810;9449875545;B
20240122;101217;192.660000000;10;9449877985;S
20240122;101234;192.710000000;70;9449880298;B
20240122;101237;192.690000000;20;9449880830;S
20240122;101241;192.710000000;30;9449881282;B
20240122;101243;192.710000000;50;9449881632;S
20240122;101243;192.700000000;230;9449881633;S
20240122;101249;192.690000000;50;9449882701;S
20240122;101249;192.680000000;520;9449882702;S
20240122;101249;192.670000000;100;9449882703;S
20240122;101249;192.660000000;190;9449882704;S
20240122;101249;192.650000000;10;9449882705;S
20240122;101249;192.650000000;200;9449882706;S
20240122;101249;192.630000000;10;9449882707;S
20240122;101249;192.630000000;480;9449882708;S
20240122;101249;192.620000000;780;9449882709;S
20240122;101249;192.620000000;500;9449882710;S
20240122;101249;192.610000000;10;9449882711;S
20240122;101249;192.610000000;10;9449882712;S
20240122;101249;192.600000000;440;9449882713;S
20240122;101252;192.660000000;10;9449883127;S
20240122;101257;192.720000000;50;9449883886;S
20240122;101257;192.710000000;20;9449883887;S
20240122;101259;192.720000000;300;9449884140;S
20240122;101259;192.710000000;190;9449884141;S
20240122;101259;192.700000000;10;9449884142;S
20240122;101300;192.770000000;10;9449884236;B
20240122;101302;192.770000000;70;9449884598;B
20240122;101302;192.800000000;300;9449884678;B
20240122;101304;192.770000000;100;9449884867;S
20240122;101312;192.690000000;10;9449885977;S
20240122;101312;192.690000000;50;9449885978;S
20240122;101312;192.680000000;780;9449885979;S
20240122;101312;192.670000000;190;9449885980;S
20240122;101312;192.670000000;500;9449885981;S
20240122;101312;192.650000000;1000;9449885982;S
20240122;101312;192.640000000;240;9449885983;S
20240122;101312;192.630000000;300;9449885984;S
20240122;101312;192.610000000;10;9449885985;S
20240122;101312;192.610000000;30;9449885986;S
20240122;101312;192.610000000;1550;9449885987;S
20240122;101312;192.600000000;170;9449885988;S
20240122;101312;192.600000000;10;9449885989;S
20240122;101312;192.600000000;10;9449885990;S
20240122;101312;192.600000000;10;9449885991;S
20240122;101312;192.600000000;90;9449885992;S
20240122;101312;192.590000000;20;9449885993;S
20240122;101312;192.570000000;200;9449885994;S
20240122;101312;192.560000000;1000;9449885995;S
20240122;101312;192.560000000;300;9449885996;S
20240122;101312;192.550000000;80;9449885997;S
20240122;101312;192.550000000;30;9449885998;S
20240122;101312;192.520000000;10;9449885999;S
20240122;101312;192.520000000;10;9449886000;S
20240122;101312;192.520000000;160;9449886001;S
20240122;101312;192.520000000;80;9449886002;S
20240122;101312;192.510000000;10;9449886003;S
20240122;101312;192.510000000;4040;9449886004;S
20240122;101312;192.510000000;7650;9449886005;S
20240122;101312;192.700000000;190;9449886008;B
20240122;101312;192.710000000;510;9449886009;B
20240122;101312;192.710000000;100;9449886010;B
20240122;101312;192.570000000;80;9449886067;S
20240122;101312;192.690000000;10;9449886074;B
20240122;101315;192.660000000;70;9449886552;B
20240122;101315;192.670000000;30;9449886553;B
20240122;101324;192.600000000;10;9449888139;S
20240122;101327;192.600000000;10;9449888560;S
20240122;101347;192.600000000;30;9449891147;S
20240122;101347;192.600000000;210;9449891148;S
20240122;101347;192.600000000;40;9449891149;S
20240122;101359;192.670000000;10;9449893235;B
20240122;101408;192.600000000;30;9449894279;S
20240122;101422;192.670000000;50;9449897577;B
20240122;101424;192.600000000;70;9449897954;S
20240122;101424;192.600000000;100;9449897955;S
20240122;101424;192.600000000;220;9449897956;S
20240122;101441;192.650000000;40;9449900364;B
20240122;101441;192.670000000;100;9449900365;B
20240122;101441;192.670000000;100;9449900366;B
20240122;101441;192.690000000;150;9449900367;B
20240122;101444;192.600000000;30;9449900901;S
20240122;101444;192.600000000;10;9449900902;S
20240122;101444;192.590000000;10;9449900903;S
20240122;101444;192.590000000;40;9449900904;S
20240122;101444;192.570000000;190;9449900905;S
20240122;101444;192.570000000;20;9449900906;S
20240122;101444;192.560000000;500;9449900927;B
20240122;101444;192.540000000;110;9449900936;S
20240122;101444;192.530000000;20;9449900937;S
20240122;101444;192.530000000;10;9449900938;S
20240122;101444;192.530000000;10;9449900939;S
20240122;101451;192.530000000;40;9449902140;S
20240122;101451;192.530000000;30;9449902141;S
20240122;101451;192.520000000;10;9449902142;S
20240122;101451;192.520000000;110;9449902143;S
20240122;101451;192.510000000;60;9449902144;S
20240122;101451;192.510000000;10;9449902145;S
20240122;101451;192.510000000;10;9449902146;S
20240122;101451;192.510000000;10;9449902147;S
20240122;101451;192.510000000;610;9449902148;S
20240122;101451;192.500000000;100;9449902149;S
20240122;101451;192.500000000;80;9449902150;S
20240122;101451;192.500000000;30;9449902151;S
20240122;101451;192.500000000;40;9449902152;S
20240122;101451;192.500000000;4760;9449902153;S
20240122;101451;192.500000000;60;9449902156;S
20240122;101508;192.520000000;100;9449904979;S
20240122;101508;192.510000000;40;9449904980;S
20240122;101508;192.510000000;10;9449904981;S
20240122;101508;192.500000000;130;9449904982;S
20240122;101515;192.560000000;10;9449906393;B
20240122;101518;192.500000000;30;9449907063;S
20240122;101532;192.530000000;10;9449909959;B
20240122;101534;192.520000000;10;9449910442;B
20240122;101538;192.510000000;40;9449911588;S
20240122;101538;192.500000000;20;9449911589;S
20240122;101538;192.500000000;240;9449911590;S
20240122;101539;192.500000000;60;9449911740;S
20240122;101539;192.500000000;40;9449911741;S
20240122;101539;192.500000000;60;9449911779;S
20240122;101539;192.500000000;100;9449911780;S
20240122;101539;192.500000000;10;9449911781;S
20240122;101539;192.500000000;10;9449911782;S
20240122;101539;192.500000000;100;9449911783;S
20240122;101539;192.500000000;50;9449911784;S
20240122;101539;192.500000000;10;9449911785;S
20240122;101539;192.500000000;10;9449911786;S
20240122;101539;192.500000000;830;9449911787;S
20240122;101544;192.500000000;20;9449912817;S
20240122;101556;192.540000000;40;9449915280;B
20240122;101556;192.560000000;10;9449915281;B
20240122;101556;192.570000000;30;9449915289;B
20240122;101611;192.570000000;10;9449918612;B
20240122;101619;192.590000000;10;9449919816;S
20240122;101619;192.580000000;60;9449919820;S
20240122;101619;192.590000000;190;9449919904;B
20240122;101620;192.640000000;10;9449920139;B
20240122;101621;192.640000000;20;9449920343;B
20240122;101622;192.640000000;10;9449920504;B
20240122;101622;192.640000000;150;9449920615;B
20240122;101622;192.640000000;240;9449920616;B
20240122;101622;192.680000000;200;9449920709;B
20240122;101629;192.700000000;10;9449921839;B
20240122;101633;192.700000000;50;9449922643;B
20240122;101633;192.690000000;100;9449922652;S
20240122;101634;192.710000000;10;9449923028;B
20240122;101642;192.690000000;110;9449924133;B
20240122;101642;192.690000000;40;9449924134;B
20240122;101642;192.690000000;40;9449924135;B
20240122;101642;192.700000000;810;9449924136;B
20240122;101644;192.700000000;20;9449924638;B
20240122;101644;192.700000000;40;9449924639;B
20240122;101644;192.710000000;440;9449924640;B
20240122;101648;192.630000000;20;9449925207;S
20240122;101648;192.630000000;80;9449925208;S
20240122;101652;192.690000000;40;9449925817;B
20240122;101652;192.690000000;80;9449925818;B
20240122;101652;192.700000000;380;9449925819;B
20240122;101652;192.700000000;40;9449925859;B
20240122;101652;192.700000000;40;9449925860;B
20240122;101657;192.620000000;40;9449926696;S
20240122;101657;192.610000000;190;9449926697;S
20240122;101657;192.610000000;20;9449926698;S
20240122;101657;192.600000000;10;9449926699;S
20240122;101657;192.600000000;240;9449926700;B
20240122;101657;192.660000000;100;9449926702;S
20240122;101701;192.650000000;50;9449927271;S
20240122;101703;192.650000000;10;9449927559;S
20240122;101712;192.650000000;200;9449929190;S
20240122;101722;192.680000000;10;9449930755;B
20240122;101727;192.680000000;10;9449931786;B
20240122;101730;192.680000000;10;9449932195;B
20240122;101732;192.680000000;20;9449932517;B
20240122;101732;192.690000000;40;9449932518;B
20240122;101732;192.700000000;40;9449932519;B
20240122;101734;192.720000000;90;9449932914;B
20240122;101734;192.720000000;100;9449932915;B
20240122;101734;192.730000000;40;9449932916;B
20240122;101734;192.730000000;50;9449932917;B
20240122;101734;192.730000000;1550;9449932918;B
20240122;101734;192.770000000;340;9449932919;B
20240122;101734;192.780000000;20;9449932920;B
20240122;101734;192.780000000;130;9449932921;B
20240122;101735;192.760000000;20;9449932962;B
20240122;101737;192.670000000;10;9449933325;S
20240122;101748;192.740000000;10;9449935113;B
20240122;101748;192.750000000;10;9449935114;B
20240122;101748;192.750000000;10;9449935184;B
20240122;101750;192.730000000;100;9449935483;B
20240122;101750;192.740000000;200;9449935484;B
20240122;101750;192.740000000;40;9449935485;B
20240122;101750;192.780000000;160;9449935486;B
20240122;101750;192.790000000;1790;9449935487;B
20240122;101752;192.710000000;190;9449935940;S
20240122;101752;192.700000000;60;9449935941;S
20240122;101752;192.700000000;40;9449935942;S
20240122;101752;192.700000000;40;9449935943;S
20240122;101752;192.670000000;780;9449935944;S
20240122;101752;192.660000000;60;9449935945;S
20240122;101753;192.670000000;100;9449936030;S
20240122;101757;192.650000000;770;9449936836;B
20240122;101802;192.710000000;40;9449937607;B
20240122;101802;192.720000000;120;9449937608;B
20240122;101804;192.720000000;10;9449938176;B
20240122;101814;192.650000000;50;9449939893;S
20240122;101814;192.650000000;40;9449939894;S
20240122;101814;192.640000000;10;9449939895;S
20240122;101818;192.650000000;10;9449940481;S
20240122;101818;192.640000000;10;9449940482;S
20240122;101820;192.630000000;50;9449941117;S
20240122;101825;192.680000000;10;9449941969;B
20240122;101838;192.660000000;10;9449944271;B
20240122;101845;192.670000000;10;9449945289;B
20240122;101847;192.670000000;40;9449945614;B
20240122;101848;192.670000000;20;9449945954;B
20240122;101857;192.670000000;20;9449947328;B
20240122;101858;192.660000000;150;9449947446;B
20240122;101901;192.650000000;20;9449948006;S
20240122;101905;192.650000000;10;9449948744;S
20240122;101910;192.650000000;40;9449949635;S
20240122;101910;192.640000000;390;9449949636;S
20240122;101910;192.640000000;30;9449949637;S
20240122;101910;192.640000000;30;9449949638;S
20240122;101910;192.640000000;10;9449949639;S
20240122;101910;192.630000000;50;9449949640;S
20240122;101911;192.640000000;240;9449949851;B
20240122;101912;192.640000000;160;9449949901;B
20240122;101916;192.670000000;10;9449950647;B
20240122;101917;192.670000000;100;9449950872;S
20240122;101923;192.700000000;40;9449951876;B
20240122;101923;192.710000000;10;9449951877;B
20240122;101933;192.720000000;30;9449953323;B
20240122;101938;192.710000000;10;9449954196;B
20240122;101941;192.710000000;10;9449955177;B
20240122;101943;192.680000000;10;9449955510;S
20240122;101946;192.700000000;10;9449956094;B
20240122;101948;192.670000000;40;9449956446;S
20240122;101954;192.700000000;500;9449957386;B
20240122;101955;192.700000000;10;9449957484;B
20240122;102000;192.680000000;30;9449958656;S
20240122;102000;192.670000000;120;9449958657;S
20240122;102001;192.700000000;100;9449958846;B
20240122;102004;192.670000000;10;9449959255;S
20240122;102018;192.670000000;100;9449961360;S
20240122;102018;192.700000000;10;9449961370;B
20240122;102020;192.690000000;10;9449961798;B
20240122;102021;192.690000000;10;9449961950;B
20240122;102028;192.690000000;10;9449962861;B
20240122;102032;192.670000000;10;9449963422;S
20240122;102034;192.650000000;40;9449963658;S
20240122;102034;192.640000000;10;9449963659;S
20240122;102045;192.670000000;50;9449965657;S
20240122;102045;192.660000000;40;9449965658;S
20240122;102045;192.660000000;500;9449965659;S
20240122;102045;192.650000000;780;9449965660;S
20240122;102045;192.640000000;20;9449965661;S
20240122;102045;192.640000000;10;9449965662;S
20240122;102045;192.640000000;10;9449965663;S
20240122;102045;192.640000000;600;9449965664;S
20240122;102045;192.640000000;20;9449965665;S
20240122;102045;192.640000000;2970;9449965666;B
20240122;102047;192.700000000;70;9449966028;B
20240122;102047;192.700000000;50;9449966190;B
20240122;102047;192.700000000;130;9449966191;B
20240122;102049;192.720000000;60;9449966613;S
20240122;102049;192.720000000;40;9449966614;B
20240122;102049;192.750000000;10;9449966674;B
20240122;102050;192.750000000;70;9449966812;B
20240122;102051;192.750000000;50;9449967066;B
20240122;102053;192.750000000;500;9449967569;B
20240122;102115;192.720000000;80;9449971778;S
20240122;102115;192.720000000;20;9449971779;S
20240122;102117;192.750000000;10;9449972111;B
20240122;102117;192.720000000;40;9449972225;S
20240122;102118;192.770000000;20;9449973267;B
20240122;102119;192.710000000;90;9449973501;S
20240122;102123;192.780000000;10;9449974829;B
20240122;102134;192.770000000;80;9449976942;B
20240122;102134;192.780000000;40;9449976943;B
20240122;102139;192.780000000;10;9449978060;B
20240122;102152;192.780000000;10;9449980312;B
20240122;102152;192.780000000;10;9449980377;B
20240122;102157;192.720000000;30;9449981154;S
20240122;102157;192.720000000;190;9449981155;B
20240122;102157;192.780000000;10;9449981399;B
20240122;102159;192.720000000;80;9449981751;B
20240122;102211;192.770000000;60;9449983847;B
20240122;102212;192.780000000;230;9449984146;B
20240122;102212;192.780000000;190;9449984147;B
20240122;102216;192.780000000;410;9449984860;B
20240122;102218;192.780000000;10;9449985334;S
20240122;102221;192.780000000;10;9449985760;S
20240122;102222;192.800000000;840;9449986176;B
20240122;102222;192.800000000;60;9449986177;B
20240122;102222;192.820000000;30;9449986178;B
20240122;102222;192.820000000;40;9449986179;B
20240122;102222;192.810000000;1000;9449986180;S
20240122;102222;192.820000000;30;9449986181;S
20240122;102222;192.810000000;160;9449986182;S
20240122;102222;192.850000000;780;9449986185;S
20240122;102222;192.850000000;780;9449986186;S
20240122;102222;192.850000000;30;9449986247;B
20240122;102223;192.850000000;780;9449986268;S
20240122;102224;192.850000000;440;9449986478;S
20240122;102225;192.860000000;30;9449986729;B
20240122;102225;192.860000000;10;9449986807;B
20240122;102232;192.860000000;10;9449988117;B
20240122;102233;192.860000000;1950;9449988299;B
20240122;102233;192.890000000;180;9449988300;B
20240122;102233;192.900000000;500;9449988301;B
20240122;102233;192.950000000;60;9449988302;B
20240122;102234;192.970000000;940;9449988406;B
20240122;102234;192.970000000;1000;9449988407;B
20240122;102234;192.970000000;730;9449988408;B
20240122;102234;192.970000000;270;9449988489;S
20240122;102234;192.970000000;730;9449988490;S
20240122;102235;192.980000000;270;9449988572;B
20240122;102235;192.970000000;300;9449988574;S
20240122;102237;192.970000000;20;9449989028;S
20240122;102238;192.980000000;50;9449989422;B
20240122;102240;192.970000000;20;9449989717;S
20240122;102247;192.980000000;10;9449990899;B
20240122;102249;192.980000000;10;9449991186;B
20240122;102253;192.980000000;10;9449991781;B
20240122;102253;192.980000000;130;9449991862;B
20240122;102253;192.980000000;2220;9449991863;B
20240122;102253;193.000000000;10;9449991868;B
20240122;102253;193.000000000;10;9449991869;B
20240122;102253;193.000000000;10;9449991870;B
20240122;102253;193.000000000;1510;9449991871;B
20240122;102253;193.000000000;10;9449991872;B
20240122;102253;193.000000000;5000;9449991873;B
20240122;102253;193.000000000;10;9449991874;B
20240122;102253;193.040000000;10;9449991875;B
20240122;102253;193.040000000;1000;9449991877;B
20240122;102253;193.080000000;580;9449991878;B
20240122;102253;193.090000000;100;9449991879;B
20240122;102253;193.090000000;30;9449991880;B
20240122;102253;193.100000000;980;9449991887;B
20240122;102253;193.100000000;260;9449991888;B
20240122;102253;193.100000000;1240;9449991889;B
20240122;102253;193.100000000;1240;9449991890;B
20240122;102253;193.100000000;1240;9449991891;B
20240122;102253;193.100000000;1240;9449991892;B
20240122;102253;193.100000000;1240;9449991893;B
20240122;102253;193.100000000;600;9449991894;B
20240122;102253;193.090000000;20;9449991895;S
20240122;102254;193.090000000;120;9449991933;S
20240122;102254;193.100000000;60;9449991934;B
20240122;102254;193.100000000;10;9449991942;B
20240122;102254;193.100000000;250;9449992030;B
20240122;102254;193.100000000;250;9449992038;B
20240122;102254;193.100000000;250;9449992071;B
20240122;102255;193.100000000;50;9449992157;B
20240122;102255;193.100000000;10;9449992247;B
20240122;102257;193.100000000;80;9449992445;B
20240122;102257;193.100000000;20;9449992596;B
20240122;102258;193.090000000;10;9449992644;S
20240122;102258;193.100000000;730;9449992748;B
20240122;102259;193.100000000;250;9449992820;B
20240122;102259;193.100000000;60;9449992821;B
20240122;102259;193.100000000;50;9449992870;B
20240122;102259;193.100000000;80;9449992922;B
20240122;102259;193.100000000;50;9449992923;B
20240122;102259;193.100000000;30;9449992924;B
20240122;102259;193.100000000;200;9449992925;B
20240122;102259;193.100000000;250;9449992928;B
20240122;102259;193.100000000;250;9449992932;B
20240122;102259;193.100000000;30;9449992933;B
20240122;102300;193.100000000;110;9449993133;B
20240122;102300;193.100000000;230;9449993134;B
20240122;102301;193.100000000;1000;9449993279;B
20240122;102301;193.100000000;110;9449993280;B
20240122;102302;193.100000000;420;9449993370;B
20240122;102302;193.100000000;400;9449993503;B
20240122;102302;193.100000000;400;9449993504;B
20240122;102302;193.100000000;630;9449993505;B
20240122;102302;193.100000000;750;9449993506;B
20240122;102303;193.100000000;10;9449993567;B
20240122;102303;193.100000000;60;9449993568;B
20240122;102303;193.100000000;20;9449993600;B
20240122;102303;193.090000000;200;9449993722;S
20240122;102303;193.100000000;10;9449993723;B
20240122;102303;193.100000000;20;9449993724;B
20240122;102304;193.100000000;10;9449993797;B
20240122;102305;193.100000000;13080;9449994011;B
20240122;102305;193.100000000;30;9449994012;B
20240122;102307;193.100000000;5000;9449994262;B
20240122;102307;193.100000000;10;9449994391;B
20240122;102308;193.100000000;10;9449994460;B
20240122;102309;193.100000000;10;9449994595;B
20240122;102311;193.100000000;5000;9449994920;B
20240122;102311;193.100000000;250;9449994954;B
20240122;102311;193.100000000;5000;9449995017;B
20240122;102311;193.100000000;10;9449995095;B
20240122;102314;193.100000000;250;9449995519;B
20240122;102314;193.100000000;10;9449995578;B
20240122;102315;193.100000000;10;9449995764;B
20240122;102316;193.100000000;150;9449996100;B
20240122;102317;193.100000000;400;9449996237;B
20240122;102317;193.100000000;10;9449996271;B
20240122;102318;193.100000000;10;9449996438;B
20240122;102318;193.100000000;10;9449996440;B
20240122;102318;193.100000000;10;9449996521;B
20240122;102319;193.090000000;10;9449996685;S
20240122;102319;193.100000000;50;9449996686;B
20240122;102319;193.100000000;110;9449996687;B
20240122;102320;193.100000000;10;9449996852;B
20240122;102320;193.100000000;70;9449996933;B
20240122;102320;193.100000000;10;9449996934;B
20240122;102322;193.100000000;10;9449997180;B
20240122;102322;193.100000000;190;9449997181;B
20240122;102322;193.100000000;10;9449997205;B
20240122;102322;193.100000000;10;9449997206;B
20240122;102322;193.100000000;20;9449997253;B
20240122;102322;193.100000000;10;9449997324;B
20240122;102322;193.100000000;10;9449997325;B
20240122;102323;193.100000000;700;9449997400;B
20240122;102323;193.100000000;10;9449997401;B
20240122;102323;193.100000000;250;9449997402;B
20240122;102323;193.100000000;1500;9449997421;B
20240122;102323;193.100000000;5000;9449997492;B
20240122;102323;193.100000000;50;9449997505;B
20240122;102323;193.090000000;20;9449997534;S
20240122;102323;193.100000000;5000;9449997537;B
20240122;102324;193.100000000;160;9449997587;B
20240122;102324;193.100000000;250;9449997655;B
20240122;102324;193.100000000;110;9449997656;B
20240122;102325;193.100000000;10;9449997767;B
20240122;102325;193.100000000;20;9449997768;B
20240122;102326;193.100000000;10;9449997906;B
20240122;102326;193.100000000;10;9449997907;B
20240122;102326;193.100000000;270;9449997944;B
20240122;102326;193.100000000;3000;9449997946;B
20240122;102326;193.100000000;3000;9449997947;B
20240122;102326;193.100000000;130;9449997948;B
20240122;102328;193.100000000;130;9449998265;B
20240122;102328;193.090000000;30;9449998300;S
20240122;102329;193.100000000;30;9449998381;B
20240122;102329;193.100000000;10;9449998408;B
20240122;102329;193.100000000;10;9449998472;B
20240122;102329;193.100000000;600;9449998476;B
20240122;102329;193.100000000;500;9449998541;B
20240122;102329;193.100000000;10;9449998542;B
20240122;102331;193.100000000;1420;9449998858;B
20240122;102331;193.100000000;40;9449998925;B
20240122;102332;193.100000000;500;9449998983;B
20240122;102332;193.100000000;10;9449999038;B
20240122;102332;193.100000000;100;9449999107;B
20240122;102333;193.100000000;50;9449999111;B
20240122;102333;193.100000000;10;9449999112;B
20240122;102333;193.100000000;20;9449999210;B
20240122;102333;193.100000000;10;9449999251;B
20240122;102333;193.100000000;110;9449999281;B
20240122;102335;193.100000000;70;9449999434;B
20240122;102336;193.100000000;130;9449999594;B
20240122;102336;193.100000000;10;9449999626;B
20240122;102336;193.100000000;10;9449999627;B
20240122;102336;193.100000000;120;9449999648;B
20240122;102336;193.100000000;10;9449999717;B
20240122;102336;193.100000000;360;9449999719;B
20240122;102337;193.100000000;10;9449999765;B
20240122;102337;193.100000000;790;9449999876;B
20240122;102337;193.090000000;10;9449999881;S
20240122;102338;193.100000000;10;9450000088;B
20240122;102338;193.100000000;1500;9450000136;B
20240122;102338;193.100000000;70;9450000137;B
20240122;102339;193.100000000;10;9450000304;B
20240122;102340;193.090000000;50;9450000443;S
20240122;102340;193.100000000;30;9450000476;B
20240122;102340;193.100000000;20;9450000598;B
20240122;102341;193.100000000;10;9450000639;B
20240122;102341;193.090000000;20;9450000751;S
20240122;102341;193.100000000;80;9450000778;B
20240122;102342;193.100000000;10;9450000897;B
20240122;102342;193.090000000;10;9450000913;S
20240122;102342;193.100000000;100;9450000972;B
20240122;102342;193.100000000;10;9450001076;B
20240122;102342;193.100000000;10;9450001077;B
20240122;102343;193.090000000;100;9450001109;S
20240122;102343;193.100000000;20;9450001162;B
20240122;102343;193.100000000;1000;9450001261;B
20240122;102343;193.100000000;10;9450001278;B
20240122;102343;193.100000000;50;9450001318;B
20240122;102344;193.100000000;750;9450001346;B
20240122;102344;193.100000000;10;9450001347;B
20240122;102344;193.100000000;50;9450001355;B
20240122;102344;193.100000000;50;9450001388;B
20240122;102344;193.100000000;50;9450001402;B
20240122;102344;193.100000000;50;9450001418;B
20240122;102344;193.100000000;80;9450001448;B
20240122;102344;193.100000000;50;9450001472;B
20240122;102344;193.100000000;50;9450001497;B
20240122;102344;193.100000000;2500;9450001512;B
20240122;102345;193.100000000;50;9450001546;B
20240122;102345;193.100000000;10;9450001547;B
20240122;102345;193.100000000;50;9450001566;B
20240122;102345;193.100000000;50;9450001586;B
20240122;102346;193.100000000;50;9450001775;B
20240122;102346;193.100000000;10;9450001895;B
20240122;102346;193.100000000;10;9450001896;B
20240122;102348;193.100000000;10;9450002127;B
20240122;102348;193.100000000;70;9450002159;B
20240122;102348;193.100000000;10;9450002198;B
20240122;102348;193.100000000;1410;9450002199;B
20240122;102348;193.100000000;100;9450002200;B
20240122;102348;193.100000000;750;9450002276;B
20240122;102349;193.100000000;20;9450002373;B
20240122;102349;193.100000000;10;9450002396;B
20240122;102349;193.100000000;610;9450002482;B
20240122;102349;193.100000000;340;9450002483;B
20240122;102349;193.100000000;3000;9450002484;B
20240122;102349;193.100000000;290;9450002485;B
20240122;102349;193.100000000;10;9450002498;B
20240122;102349;193.090000000;400;9450002546;S
20240122;102349;193.090000000;1000;9450002547;S
20240122;102349;193.090000000;1000;9450002548;S
20240122;102349;193.090000000;100;9450002549;S
20240122;102349;193.090000000;10;9450002550;S
20240122;102349;193.090000000;90;9450002551;S
20240122;102349;193.100000000;1000;9450002554;B
20240122;102350;193.100000000;10;9450002582;B
20240122;102350;193.100000000;100;9450002625;B
20240122;102352;193.100000000;50000;9450003015;B
20240122;102352;193.100000000;10;9450003051;B
20240122;102353;193.100000000;90;9450003137;B
20240122;102353;193.100000000;10;9450003258;B
20240122;102355;193.100000000;10;9450003533;B
20240122;102355;193.100000000;100;9450003534;B
20240122;102356;193.100000000;750;9450003584;B
20240122;102356;193.100000000;10;9450003585;B
20240122;102356;193.100000000;1610;9450003602;B
20240122;102356;193.100000000;50;9450003603;B
20240122;102356;193.100000000;500;9450003621;B
20240122;102356;193.100000000;500;9450003647;B
20240122;102356;193.100000000;500;9450003662;B
20240122;102357;193.100000000;40;9450003704;B
20240122;102357;193.100000000;1000;9450003717;B
20240122;102358;193.100000000;20;9450003824;B
20240122;102358;193.090000000;100;9450003832;S
20240122;102358;193.090000000;30;9450003852;S
20240122;102358;193.100000000;10;9450003858;B
20240122;102358;193.100000000;10;9450003955;B
20240122;102358;193.100000000;30;9450003979;B
20240122;102359;193.100000000;90;9450004002;B
20240122;102401;193.100000000;1000;9450004228;B
20240122;102401;193.100000000;10;9450004248;B
20240122;102402;193.090000000;100;9450004441;S
20240122;102402;193.100000000;40;9450004476;B
20240122;102402;193.100000000;100;9450004477;B
20240122;102403;193.100000000;10;9450004539;B
20240122;102403;193.100000000;60;9450004559;B
20240122;102403;193.100000000;10;9450004711;B
20240122;102403;193.100000000;10;9450004713;B
20240122;102406;193.100000000;10;9450005290;B
20240122;102406;193.100000000;770;9450005360;B
20240122;102407;193.100000000;20;9450005501;B
20240122;102407;193.100000000;10;9450005502;B
20240122;102408;193.100000000;1000;9450005571;B
20240122;102408;193.100000000;10;9450005572;B
20240122;102408;193.100000000;10;9450005573;B
20240122;102408;193.100000000;140;9450005689;B
20240122;102408;193.100000000;90;9450005744;B
20240122;102408;193.100000000;60;9450005745;B
20240122;102408;193.100000000;10;9450005746;B
20240122;102409;193.100000000;180;9450005815;B
20240122;102409;193.100000000;220;9450005816;B
20240122;102409;193.100000000;10;9450005817;B
20240122;102410;193.090000000;10;9450005920;S
20240122;102410;193.100000000;10;9450005971;B
20240122;102410;193.100000000;110;9450005989;B
20240122;102410;193.100000000;1000;9450006008;B
20240122;102410;193.100000000;10;9450006009;B
20240122;102410;193.100000000;300;9450006032;B
20240122;102410;193.100000000;10;9450006033;B
20240122;102411;193.100000000;190;9450006149;B
20240122;102412;193.100000000;1000;9450006465;B
20240122;102412;193.100000000;140;9450006466;B
20240122;102412;193.100000000;30;9450006467;B
20240122;102413;193.100000000;10;9450006624;B
20240122;102413;193.090000000;20;9450006660;S
20240122;102413;193.100000000;130;9450006661;B
20240122;102415;193.100000000;30;9450006903;B
20240122;102415;193.100000000;10;9450006904;B
20240122;102415;193.100000000;160;9450006905;B
20240122;102415;193.100000000;10;9450006906;B
20240122;102416;193.100000000;40;9450007023;B
20240122;102416;193.100000000;10;9450007060;B
20240122;102417;193.100000000;10;9450007150;B
20240122;102417;193.100000000;10;9450007151;B
20240122;102418;193.090000000;10;9450007371;S
20240122;102418;193.100000000;10;9450007379;B
20240122;102419;193.090000000;300;9450007592;S
20240122;102419;193.090000000;50;9450007593;S
20240122;102419;193.090000000;200;9450007594;S
20240122;102420;193.100000000;60;9450007685;B
20240122;102420;193.100000000;10;9450007790;B
20240122;102421;193.100000000;10;9450007813;B
20240122;102421;193.100000000;30;9450007908;B
20240122;102421;193.090000000;30;9450007930;S
20240122;102422;193.100000000;10;9450008063;B
20240122;102422;193.090000000;220;9450008099;S
20240122;102422;193.090000000;40;9450008130;B
20240122;102424;193.090000000;10;9450008396;B
20240122;102425;193.080000000;400;9450008456;S
20240122;102426;193.090000000;10;9450008622;B
20240122;102426;193.090000000;10;9450008661;B
20240122;102427;193.090000000;20;9450008920;B
20240122;102428;193.090000000;10;9450008999;B
20240122;102428;193.080000000;600;9450009014;S
20240122;102428;193.080000000;200;9450009015;S
20240122;102428;193.080000000;50;9450009070;S
20240122;102429;193.090000000;180;9450009152;B
20240122;102429;193.090000000;560;9450009153;B
20240122;102429;193.090000000;10;9450009154;B
20240122;102429;193.090000000;250;9450009155;B
20240122;102432;193.090000000;100;9450009641;B
20240122;102432;193.080000000;10;9450009681;S
20240122;102434;193.090000000;10;9450010190;B
20240122;102435;193.090000000;1000;9450010233;B
20240122;102435;193.090000000;10;9450010360;B
20240122;102435;193.090000000;20;9450010370;B
20240122;102436;193.090000000;10;9450010469;B
20240122;102437;193.080000000;30;9450010552;S
20240122;102437;193.090000000;20;9450010560;B
20240122;102437;193.090000000;10;9450010672;B
20240122;102438;193.090000000;20;9450010760;B
20240122;102440;193.090000000;130;9450011028;B
20240122;102441;193.090000000;10;9450011342;B
20240122;102441;193.090000000;60;9450011369;B
20240122;102441;193.090000000;850;9450011488;B
20240122;102441;193.090000000;280;9450011489;B
20240122;102444;193.090000000;10;9450011955;S
20240122;102444;193.090000000;10;9450011994;S
20240122;102447;193.100000000;4480;9450012330;B
20240122;102447;193.100000000;10;9450012331;B
20240122;102447;193.090000000;10;9450012385;S
20240122;102447;193.100000000;140;9450012482;B
20240122;102448;193.100000000;30;9450012533;B
20240122;102448;193.100000000;60;9450012562;B
20240122;102448;193.100000000;170;9450012563;B
20240122;102448;193.100000000;80;9450012798;B
20240122;102448;193.100000000;50;9450012821;B
20240122;102448;193.100000000;140;9450012822;B
20240122;102449;193.100000000;50;9450012981;B
20240122;102449;193.100000000;400;9450013039;B
20240122;102450;193.100000000;10;9450013105;B
20240122;102451;193.090000000;770;9450013246;S
20240122;102453;193.090000000;3600;9450013570;B
20240122;102454;193.090000000;630;9450013691;B
20240122;102454;193.090000000;140;9450013692;B
20240122;102454;193.100000000;730;9450013693;B
20240122;102456;193.090000000;60;9450014019;B
20240122;102500;193.090000000;10;9450014701;B
20240122;102500;193.090000000;10;9450014712;B
20240122;102501;193.100000000;50;9450014919;B
20240122;102501;193.100000000;20;9450014920;B
20240122;102502;193.100000000;170;9450015027;B
20240122;102502;193.100000000;180;9450015070;B
20240122;102503;193.100000000;120;9450015317;B
20240122;102506;193.100000000;10;9450015863;B
20240122;102508;193.080000000;10;9450016146;S
20240122;102508;193.100000000;2500;9450016185;B
20240122;102511;193.090000000;30;9450016814;B
20240122;102511;193.100000000;30;9450016815;B
20240122;102512;193.090000000;10;9450016935;B
20240122;102514;193.100000000;10;9450017261;B
20240122;102515;193.100000000;10;9450017427;B
20240122;102516;193.100000000;20;9450017731;B
20240122;102520;193.080000000;160;9450018259;S
20240122;102523;193.070000000;10;9450018567;B
20240122;102523;193.070000000;10;9450018581;B
20240122;102528;193.070000000;30;9450019471;B
20240122;102531;193.080000000;20;9450019982;B
20240122;102537;193.080000000;20;9450020793;B
20240122;102541;193.040000000;50;9450021200;S
20240122;102541;193.040000000;30;9450021201;S
20240122;102541;193.030000000;750;9450021202;S
20240122;102541;193.020000000;190;9450021203;S
20240122;102541;193.020000000;10;9450021204;S
20240122;102541;193.000000000;20;9450021205;S
20240122;102541;192.990000000;500;9450021206;S
20240122;102541;192.970000000;50;9450021207;S
20240122;102541;192.950000000;780;9450021208;S
20240122;102541;192.950000000;40;9450021209;S
20240122;102541;192.950000000;160;9450021210;S
20240122;102541;192.940000000;1020;9450021211;S
20240122;102541;192.950000000;190;9450021217;S
20240122;102541;192.940000000;100;9450021218;S
20240122;102541;192.920000000;50;9450021219;S
20240122;102541;192.920000000;40;9450021220;S
20240122;102541;192.910000000;120;9450021221;S
20240122;102544;193.050000000;190;9450021774;B
20240122;102544;193.050000000;10;9450021775;B
20240122;102544;193.060000000;30;9450021776;B
20240122;102544;193.060000000;250;9450021777;B
20240122;102544;193.070000000;520;9450021778;B
20240122;102549;193.030000000;10;9450022468;B
20240122;102549;193.040000000;10;9450022469;B
20240122;102550;192.970000000;10;9450022675;S
20240122;102551;192.970000000;70;9450022792;S
20240122;102551;192.920000000;50;9450022793;S
20240122;102552;193.000000000;60;9450022980;B
20240122;102557;192.990000000;20;9450023861;B
20240122;102558;192.990000000;40;9450023969;B
20240122;102558;192.990000000;40;9450024186;B
20240122;102558;192.990000000;30;9450024187;B
20240122;102601;192.990000000;10;9450024890;B
20240122;102608;192.940000000;30;9450025976;S
20240122;102613;192.930000000;10;9450026600;S
20240122;102616;193.000000000;20;9450027161;B
20240122;102616;193.000000000;240;9450027162;B
20240122;102616;193.010000000;70;9450027163;B
20240122;102616;193.010000000;140;9450027164;B
20240122;102616;193.050000000;30;9450027165;B
20240122;102618;193.020000000;50;9450027412;S
20240122;102618;193.010000000;20;9450027413;S
20240122;102618;193.010000000;10;9450027414;S
20240122;102618;193.000000000;170;9450027415;S
20240122;102620;193.050000000;20;9450027574;B
20240122;102620;193.060000000;70;9450027575;B
20240122;102620;193.070000000;170;9450027576;B
20240122;102620;193.080000000;740;9450027577;B
20240122;102622;193.010000000;500;9450027922;S
20240122;102625;192.990000000;10;9450028309;B
20240122;102626;193.020000000;10;9450028383;B
20240122;102626;193.070000000;10;9450028384;B
20240122;102626;193.010000000;10;9450028424;S
20240122;102627;193.080000000;10;9450028495;B
20240122;102627;193.020000000;10;9450028530;S
20240122;102628;193.050000000;10;9450028616;B
20240122;102631;193.030000000;10;9450029168;B
20240122;102631;193.050000000;10;9450029169;B
20240122;102634;193.050000000;30;9450029399;B
20240122;102634;193.030000000;100;9450029400;S
20240122;102636;193.050000000;10;9450029774;B
20240122;102645;193.020000000;40;9450031120;S
20240122;102645;193.020000000;50;9450031121;S
20240122;102645;193.000000000;10;9450031122;S
20240122;102648;193.000000000;10;9450031425;S
20240122;102650;192.970000000;70;9450031674;S
20240122;102650;192.960000000;50;9450031675;S
20240122;102650;192.960000000;10;9450031676;S
20240122;102651;192.940000000;10;9450031960;B
20240122;102655;192.940000000;10;9450032513;B
20240122;102656;192.990000000;10;9450032636;B
20240122;102656;193.010000000;10;9450032637;B
20240122;102656;193.010000000;10;9450032638;B
20240122;102656;193.020000000;20;9450032639;B
20240122;102656;193.020000000;60;9450032640;B
20240122;102656;193.030000000;10;9450032641;B
20240122;102656;193.030000000;20;9450032642;B
20240122;102656;193.030000000;60;9450032643;B
20240122;102659;193.030000000;10;9450033120;B
20240122;102659;193.040000000;30;9450033121;B
20240122;102659;192.940000000;190;9450033196;S
20240122;102703;192.930000000;10;9450033762;S
20240122;102706;192.930000000;10;9450034152;S
20240122;102707;192.950000000;10;9450034350;B
20240122;102713;192.950000000;10;9450034948;B
20240122;102714;192.930000000;170;9450035191;S
20240122;102716;192.940000000;10;9450035478;B
20240122;102718;192.920000000;50;9450035790;S
20240122;102719;192.920000000;20;9450035864;S
20240122;102719;192.930000000;10;9450035933;B
20240122;102721;192.990000000;60;9450036103;B
20240122;102721;193.000000000;40;9450036104;B
20240122;102723;192.980000000;10;9450036398;B
20240122;102745;192.920000000;10;9450039397;S
20240122;102745;192.920000000;20;9450039398;S
20240122;102753;192.920000000;10;9450040486;S
20240122;102753;192.920000000;50;9450040487;S
20240122;102757;192.900000000;10;9450041120;S
20240122;102757;192.900000000;190;9450041121;S
20240122;102759;192.900000000;10;9450041374;S
20240122;102759;192.880000000;20;9450041375;S
20240122;102759;192.870000000;200;9450041376;S
20240122;102759;192.870000000;20;9450041377;S
20240122;102801;192.870000000;250;9450041653;S
20240122;102803;192.870000000;130;9450041939;S
20240122;102803;192.850000000;260;9450041940;S
20240122;102803;192.850000000;100;9450041941;S
20240122;102803;192.840000000;190;9450041942;S
20240122;102803;192.820000000;60;9450041943;S
20240122;102803;192.810000000;10;9450041944;S
20240122;102803;192.800000000;500;9450041945;S
20240122;102803;192.800000000;30;9450041946;S
20240122;102803;192.770000000;220;9450041947;S
20240122;102803;192.740000000;100;9450041957;S
20240122;102803;192.740000000;20;9450041980;S
20240122;102804;192.740000000;20;9450042022;S
20240122;102807;192.810000000;20;9450042449;B
20240122;102808;192.740000000;250;9450042522;S
20240122;102820;192.740000000;10;9450044338;S
20240122;102828;192.800000000;10;9450045704;B
20240122;102839;192.840000000;10;9450046891;B
20240122;102840;192.840000000;10;9450046999;B
20240122;102845;192.770000000;10;9450047913;S
20240122;102847;192.840000000;60;9450048181;B
20240122;102853;192.890000000;10;9450048821;B
20240122;102859;192.940000000;10;9450049429;B
20240122;102900;192.950000000;10;9450049548;B
20240122;102904;192.970000000;10;9450049914;B
20240122;102906;192.930000000;80;9450050053;S
20240122;102906;192.890000000;10;9450050054;S
20240122;102906;192.880000000;10;9450050055;S
20240122;102909;192.930000000;20;9450050368;B
20240122;102910;192.930000000;30;9450050456;B
20240122;102918;192.930000000;30;9450051350;B
20240122;102918;192.930000000;50;9450051351;B
20240122;102918;192.940000000;190;9450051352;B
20240122;102918;192.950000000;80;9450051353;B
20240122;102918;192.980000000;10;9450051354;B
20240122;102918;192.980000000;50;9450051355;B
20240122;102918;192.990000000;1600;9450051356;B
20240122;102918;192.990000000;780;9450051357;B
20240122;102918;193.000000000;20;9450051358;B
20240122;102918;193.000000000;1500;9450051359;B
20240122;102918;193.000000000;700;9450051360;S
20240122;102918;193.000000000;300;9450051361;S
20240122;102921;193.000000000;220;9450051806;S
20240122;102923;193.040000000;30;9450052093;B
20240122;102923;193.050000000;60;9450052094;B
20240122;102923;193.060000000;160;9450052095;B
20240122;102923;193.000000000;10;9450052097;S
20240122;102936;193.010000000;10;9450053294;S
20240122;102953;193.070000000;40;9450055303;B
20240122;102953;193.070000000;50;9450055304;B
20240122;102953;193.080000000;50;9450055305;B
20240122;102957;193.050000000;10;9450055732;B
20240122;102957;193.070000000;60;9450055733;B
20240122;102957;193.070000000;50;9450055734;B
20240122;102957;193.080000000;80;9450055735;B
20240122;103001;193.070000000;10;9450056280;B
20240122;103006;193.070000000;30;9450056730;B
20240122;103006;193.080000000;70;9450056731;B
20240122;103007;193.070000000;50;9450056832;B
20240122;103007;193.070000000;10;9450056833;S
20240122;103007;193.070000000;10;9450056836;B
20240122;103007;193.080000000;290;9450056837;B
20240122;103007;193.080000000;30;9450056848;B
20240122;103012;193.060000000;10;9450057368;B
20240122;103012;193.070000000;10;9450057369;B
20240122;103014;193.020000000;10;9450057561;B
20240122;103014;193.050000000;10;9450057562;B
20240122;103014;193.070000000;130;9450057563;B
20240122;103017;193.070000000;150;9450058040;B
20240122;103024;193.070000000;50;9450058776;B
20240122;103024;193.090000000;90;9450058777;B
20240122;103026;193.090000000;30;9450059099;B
20240122;103027;193.090000000;10;9450059250;B
20240122;103027;193.090000000;10;9450059311;B
20240122;103028;193.090000000;360;9450059375;B
20240122;103029;193.090000000;100;9450059579;B
20240122;103030;193.100000000;10;9450059742;B
20240122;103031;193.090000000;20;9450060026;B
20240122;103040;193.090000000;20;9450061175;B
20240122;103041;193.090000000;190;9450061195;B
20240122;103041;193.090000000;40;9450061365;B
20240122;103042;193.090000000;30;9450061469;B
20240122;103042;193.100000000;10;9450061470;B
20240122;103043;193.100000000;20;9450061581;B
20240122;103044;193.100000000;70;9450061741;B
20240122;103044;193.100000000;10;9450061869;B
20240122;103045;193.100000000;10;9450062024;B
20240122;103046;193.100000000;10;9450062160;B
20240122;103047;193.100000000;2010;9450062323;B
20240122;103047;193.100000000;20;9450062324;B
20240122;103047;193.100000000;1470;9450062325;B
20240122;103049;193.100000000;850;9450062696;B
20240122;103051;193.090000000;10;9450063173;S
20240122;103051;193.100000000;50;9450063262;B
20240122;103056;193.100000000;270;9450063850;B
20240122;103057;193.100000000;1000;9450063983;B
20240122;103058;193.100000000;2000;9450064046;B
20240122;103058;193.100000000;10;9450064093;B
20240122;103058;193.100000000;230;9450064094;B
20240122;103059;193.100000000;100;9450064161;B
20240122;103059;193.100000000;60;9450064162;B
20240122;103059;193.100000000;10;9450064213;B
20240122;103100;193.100000000;20;9450064308;B
20240122;103102;193.100000000;130;9450064624;B
20240122;103102;193.100000000;10;9450064660;B
20240122;103103;193.100000000;10;9450064713;B
20240122;103103;193.100000000;20;9450064737;B
20240122;103104;193.100000000;90;9450064790;B
20240122;103105;193.100000000;40;9450064870;B
20240122;103105;193.100000000;30;9450064888;B
20240122;103106;193.100000000;70;9450065019;B
20240122;103107;193.100000000;10;9450065067;B
20240122;103107;193.100000000;100;9450065141;B
20240122;103107;193.100000000;140;9450065142;B
20240122;103108;193.100000000;10;9450065196;B
20240122;103108;193.100000000;140;9450065197;B
20240122;103108;193.100000000;140;9450065237;B
20240122;103109;193.100000000;250;9450065309;B
20240122;103109;193.100000000;10;9450065310;B
20240122;103109;193.100000000;10;9450065382;B
20240122;103109;193.090000000;1000;9450065437;S
20240122;103109;193.090000000;200;9450065438;S
20240122;103111;193.090000000;180;9450065547;B
20240122;103111;193.080000000;10;9450065607;B
20240122;103114;193.090000000;1620;9450065937;B
20240122;103114;193.100000000;310;9450065938;B
20240122;103115;193.100000000;10;9450066085;B
20240122;103122;193.100000000;10;9450066798;B
20240122;103123;193.100000000;390;9450066843;B
20240122;103123;193.100000000;10;9450066844;B
20240122;103124;193.100000000;10;9450067004;B
20240122;103126;193.080000000;30;9450067258;S
20240122;103137;193.100000000;120;9450068508;B
20240122;103140;193.100000000;10;9450068928;B
20240122;103148;193.090000000;10;9450069782;S
20240122;103159;193.090000000;10;9450071241;S
20240122;103200;193.100000000;800;9450071317;B
20240122;103200;193.090000000;100;9450071352;S
20240122;103205;193.100000000;10;9450071962;B
20240122;103208;193.100000000;500;9450072397;B
20240122;103217;193.100000000;10;9450073403;B
20240122;103218;193.100000000;10;9450073454;B
20240122;103218;193.100000000;20;9450073564;B
20240122;103219;193.090000000;100;9450073680;S
20240122;103220;193.090000000;300;9450073797;S
20240122;103220;193.090000000;10;9450073831;S
20240122;103223;193.100000000;130;9450074034;B
20240122;103225;193.090000000;10;9450074234;S
20240122;103230;193.100000000;2470;9450074755;B
20240122;103230;193.100000000;20;9450074756;B
20240122;103230;193.100000000;10;9450074757;B
20240122;103232;193.100000000;600;9450074898;B
20240122;103233;193.100000000;80;9450075003;B
20240122;103235;193.090000000;460;9450075168;S
20240122;103235;193.090000000;250;9450075169;S
20240122;103235;193.090000000;250;9450075170;S
20240122;103235;193.090000000;10;9450075171;S
20240122;103235;193.090000000;10;9450075172;S
20240122;103235;193.080000000;20;9450075173;S
20240122;103235;193.100000000;10;9450075174;B
20240122;103235;193.100000000;680;9450075184;B
20240122;103236;193.080000000;500;9450075252;S
20240122;103236;193.100000000;10;9450075342;B
20240122;103236;193.100000000;310;9450075343;B
20240122;103240;193.100000000;150;9450075663;B
20240122;103242;193.100000000;70;9450075848;B
20240122;103242;193.100000000;70;9450075849;B
20240122;103247;193.100000000;930;9450076354;B
20240122;103247;193.100000000;2570;9450076355;B
20240122;103247;193.100000000;40;9450076356;B
20240122;103249;193.100000000;20;9450076544;B
20240122;103249;193.100000000;30;9450076575;B
20240122;103249;193.100000000;10;9450076576;B
20240122;103251;193.100000000;10;9450076714;B
20240122;103251;193.100000000;80;9450076715;B
20240122;103254;193.100000000;90;9450077035;B
20240122;103255;193.100000000;70;9450077212;B
20240122;103258;193.100000000;2000;9450077642;B
20240122;103258;193.100000000;1200;9450077664;B
20240122;103258;193.100000000;2000;9450077666;B
20240122;103258;193.100000000;2000;9450077680;B
20240122;103259;193.100000000;100;9450077734;B
20240122;103302;193.100000000;1000;9450077974;B
20240122;103303;193.100000000;2500;9450078136;B
20240122;103303;193.100000000;310;9450078137;B
20240122;103304;193.100000000;130;9450078211;B
20240122;103306;193.100000000;10;9450078485;B
20240122;103307;193.100000000;80;9450078546;B
20240122;103309;193.100000000;30;9450078778;B
20240122;103309;193.100000000;30;9450078779;B
20240122;103313;193.100000000;130;9450079120;B
20240122;103314;193.100000000;30;9450079263;B
20240122;103316;193.100000000;500;9450079530;B
20240122;103319;193.100000000;30;9450079878;B
20240122;103319;193.100000000;160;9450079879;B
20240122;103319;193.100000000;150;9450079899;B
20240122;103319;193.100000000;330;9450079943;B
20240122;103320;193.100000000;560;9450080132;B
20240122;103320;193.100000000;10;9450080133;B
20240122;103321;193.100000000;10;9450080163;B
20240122;103321;193.100000000;80;9450080214;B
20240122;103322;193.100000000;10;9450080263;B
20240122;103326;193.100000000;50;9450080888;B
20240122;103327;193.100000000;10;9450080963;B
20240122;103330;193.100000000;300;9450081239;B
20240122;103330;193.100000000;670;9450081309;B
20240122;103330;193.100000000;100;9450081310;B
20240122;103330;193.100000000;260;9450081311;B
20240122;103330;193.100000000;90;9450081338;B
20240122;103331;193.100000000;10;9450081393;B
20240122;103331;193.100000000;70;9450081397;B
20240122;103331;193.100000000;130;9450081405;B
20240122;103331;193.100000000;130;9450081406;B
20240122;103332;193.100000000;150;9450081440;B
20240122;103332;193.100000000;60;9450081458;B
20240122;103332;193.100000000;90;9450081479;B
20240122;103332;193.100000000;10;9450081480;B
20240122;103332;193.100000000;10;9450081510;B
20240122;103333;193.100000000;20;9450081628;B
20240122;103334;193.100000000;10;9450081706;B
20240122;103336;193.100000000;250;9450081918;B
20240122;103337;193.100000000;990;9450082020;B
20240122;103337;193.120000000;510;9450082021;B
20240122;103337;193.120000000;10;9450082023;B
20240122;103337;193.120000000;70;9450082024;B
20240122;103337;193.120000000;20;9450082025;B
20240122;103337;193.120000000;20;9450082026;B
20240122;103337;193.120000000;100;9450082035;B
20240122;103337;193.120000000;70;9450082036;B
20240122;103337;193.120000000;50;9450082037;B
20240122;103337;193.120000000;90;9450082038;B
20240122;103337;193.170000000;10;9450082039;B
20240122;103337;193.170000000;100;9450082040;B
20240122;103337;193.170000000;70;9450082041;B
20240122;103337;193.200000000;410;9450082042;B
20240122;103337;193.200000000;200;9450082043;B
20240122;103337;193.200000000;300;9450082044;B
20240122;103337;193.200000000;50;9450082045;B
20240122;103337;193.200000000;20;9450082046;B
20240122;103337;193.200000000;70;9450082047;B
20240122;103337;193.200000000;20;9450082048;B
20240122;103337;193.200000000;50;9450082049;B
20240122;103337;193.200000000;170;9450082050;B
20240122;103337;193.240000000;10;9450082051;B
20240122;103337;193.240000000;70;9450082052;B
20240122;103337;193.250000000;240;9450082053;B
20240122;103337;193.250000000;40;9450082054;B
20240122;103337;193.250000000;20;9450082055;B
20240122;103337;193.280000000;190;9450082056;B
20240122;103337;193.280000000;10;9450082057;B
20240122;103337;193.290000000;10;9450082058;B
20240122;103337;193.300000000;30;9450082059;B
20240122;103337;193.300000000;100;9450082060;B
20240122;103337;193.300000000;90;9450082061;B
20240122;103337;193.300000000;20;9450082062;B
20240122;103337;193.300000000;70;9450082063;B
20240122;103337;193.320000000;500;9450082064;B
20240122;103337;193.320000000;10;9450082065;B
20240122;103337;193.320000000;30;9450082066;B
20240122;103337;193.330000000;130;9450082067;B
20240122;103337;193.270000000;190;9450082068;B
20240122;103337;193.270000000;70;9450082073;S
20240122;103337;193.280000000;70;9450082075;B
20240122;103337;193.290000000;190;9450082076;B
20240122;103337;193.240000000;500;9450082077;S
20240122;103337;193.240000000;190;9450082078;S
20240122;103337;193.210000000;10;9450082079;S
20240122;103337;193.290000000;70;9450082080;B
20240122;103337;193.240000000;40;9450082081;S
20240122;103337;193.240000000;190;9450082082;S
20240122;103337;193.150000000;230;9450082083;B
20240122;103337;193.150000000;550;9450082085;B
20240122;103337;193.150000000;10;9450082086;B
20240122;103337;193.150000000;20;9450082088;B
20240122;103337;193.210000000;190;9450082089;B
20240122;103337;193.220000000;70;9450082090;B
20240122;103337;193.310000000;90;9450082091;B
20240122;103337;193.320000000;630;9450082092;B
20240122;103337;193.310000000;670;9450082093;S
20240122;103337;193.320000000;10;9450082102;B
20240122;103337;193.320000000;60;9450082103;B
20240122;103337;193.320000000;10;9450082106;B
20240122;103337;193.320000000;60;9450082107;B
20240122;103338;193.330000000;30;9450082132;B
20240122;103338;193.300000000;100;9450082165;S
20240122;103339;193.300000000;10;9450082242;S
20240122;103339;193.330000000;10;9450082243;B
20240122;103339;193.300000000;70;9450082266;S
20240122;103339;193.330000000;10;9450082271;B
20240122;103339;193.340000000;240;9450082272;B
20240122;103341;193.300000000;20;9450082491;S
20240122;103341;193.300000000;30;9450082492;S
20240122;103341;193.320000000;10;9450082534;B
20240122;103341;193.330000000;90;9450082535;B
20240122;103341;193.340000000;70;9450082536;B
20240122;103341;193.350000000;10;9450082537;B
20240122;103341;193.350000000;70;9450082538;B
20240122;103342;193.330000000;10;9450082615;B
20240122;103342;193.350000000;230;9450082616;B
20240122;103342;193.360000000;120;9450082617;B
20240122;103342;193.370000000;80;9450082618;B
20240122;103342;193.370000000;190;9450082619;B
20240122;103342;193.370000000;70;9450082620;B
20240122;103342;193.380000000;600;9450082621;B
20240122;103342;193.380000000;100;9450082622;S
20240122;103342;193.380000000;200;9450082623;S
20240122;103342;193.390000000;10;9450082630;B
20240122;103342;193.400000000;10;9450082631;B
20240122;103342;193.400000000;20;9450082632;B
20240122;103342;193.400000000;10;9450082633;B
20240122;103342;193.400000000;160;9450082634;B
20240122;103342;193.410000000;100;9450082635;B
20240122;103342;193.410000000;90;9450082636;B
20240122;103342;193.410000000;70;9450082637;B
20240122;103342;193.420000000;10;9450082638;B
20240122;103342;193.420000000;20;9450082639;B
20240122;103342;193.430000000;10;9450082640;B
20240122;103342;193.450000000;10;9450082641;B
20240122;103342;193.450000000;20;9450082642;B
20240122;103343;193.440000000;120;9450082683;B
20240122;103343;193.450000000;130;9450082684;B
20240122;103343;193.400000000;20;9450082719;S
20240122;103343;193.400000000;10;9450082732;S
20240122;103343;193.400000000;130;9450082733;S
20240122;103343;193.420000000;100;9450082766;B
20240122;103343;193.450000000;850;9450082767;B
20240122;103343;193.450000000;30;9450082768;B
20240122;103343;193.450000000;40;9450082769;B
20240122;103345;193.450000000;10;9450082877;B
20240122;103345;193.460000000;70;9450082878;B
20240122;103345;193.470000000;520;9450082879;B
20240122;103351;193.410000000;10;9450083446;S
20240122;103355;193.430000000;50;9450084001;B
20240122;103355;193.440000000;10;9450084002;B
20240122;103355;193.440000000;20;9450084003;B
20240122;103355;193.440000000;60;9450084174;B
20240122;103356;193.450000000;10;9450084276;B
20240122;103356;193.450000000;60;9450084277;B
20240122;103356;193.450000000;60;9450084315;B
20240122;103357;193.450000000;40;9450084497;B
20240122;103359;193.450000000;250;9450084901;B
20240122;103402;193.400000000;100;9450085365;S
20240122;103402;193.400000000;200;9450085366;S
20240122;103411;193.420000000;10;9450086793;B
20240122;103411;193.440000000;40;9450086794;B
20240122;103427;193.400000000;10;9450088394;S
20240122;103428;193.400000000;540;9450088570;S
20240122;103432;193.370000000;10;9450089098;B
20240122;103443;193.340000000;10;9450090994;B
20240122;103445;193.370000000;10;9450091116;B
20240122;103445;193.370000000;10;9450091117;B
20240122;103447;193.370000000;40;9450091526;B
20240122;103447;193.380000000;20;9450091527;B
20240122;103447;193.380000000;30;9450091528;B
20240122;103450;193.390000000;10;9450091836;B
20240122;103450;193.400000000;260;9450091837;B
20240122;103452;193.410000000;10;9450092042;B
20240122;103455;193.430000000;10;9450092413;B
20240122;103455;193.430000000;30;9450092414;B
20240122;103455;193.430000000;10;9450092560;B
20240122;103455;193.440000000;50;9450092561;B
20240122;103455;193.440000000;70;9450092562;B
20240122;103455;193.440000000;20;9450092563;B
20240122;103455;193.450000000;20;9450092564;B
20240122;103455;193.460000000;20;9450092565;B
20240122;103455;193.460000000;50;9450092566;B
20240122;103455;193.460000000;10;9450092567;B
20240122;103458;193.460000000;20;9450093045;B
20240122;103459;193.460000000;20;9450093281;B
20240122;103501;193.460000000;680;9450093461;B
20240122;103501;193.460000000;20;9450093494;B
20240122;103501;193.460000000;20;9450093495;B
20240122;103501;193.460000000;140;9450093496;B
20240122;103503;193.440000000;390;9450093859;S
20240122;103503;193.430000000;80;9450093860;S
20240122;103503;193.410000000;80;9450093861;S
20240122;103503;193.400000000;450;9450093862;S
20240122;103506;193.450000000;10;9450094198;B
20240122;103506;193.450000000;50;9450094199;B
20240122;103506;193.450000000;20;9450094210;B
20240122;103513;193.440000000;160;9450095126;S
20240122;103513;193.430000000;350;9450095127;S
20240122;103513;193.420000000;1000;9450095128;S
20240122;103513;193.420000000;50;9450095129;S
20240122;103514;193.400000000;20;9450095143;B
20240122;103518;193.400000000;10;9450095828;B
20240122;103520;193.400000000;100;9450096190;B
20240122;103527;193.400000000;40;9450097308;B
20240122;103532;193.390000000;50;9450098157;S
20240122;103532;193.390000000;200;9450098206;S
20240122;103534;193.390000000;20;9450098555;S
20240122;103541;193.400000000;30;9450099418;B
20240122;103542;193.400000000;30;9450099608;B
20240122;103543;193.400000000;80;9450099844;B
20240122;103543;193.400000000;130;9450099845;B
20240122;103543;193.400000000;40;9450099846;B
20240122;103543;193.400000000;10;9450099847;B
20240122;103543;193.400000000;10;9450099848;B
20240122;103543;193.400000000;40;9450099849;B
20240122;103543;193.400000000;10;9450099850;B
20240122;103543;193.420000000;10;9450099851;B
20240122;103543;193.420000000;10;9450099852;B
20240122;103543;193.430000000;10;9450099943;S
20240122;103547;193.430000000;10;9450100622;S
20240122;103548;193.450000000;10;9450100762;B
20240122;103549;193.440000000;20;9450101007;S
20240122;103552;193.440000000;10;9450101409;S
20240122;103557;193.440000000;200;9450102280;S
20240122;103559;193.440000000;40;9450102611;S
20240122;103600;193.440000000;10;9450102781;S
20240122;103609;193.440000000;20;9450104677;S
20240122;103609;193.440000000;640;9450104737;S
20240122;103609;193.430000000;410;9450104738;S
20240122;103609;193.400000000;200;9450104739;S
20240122;103609;193.390000000;60;9450104740;S
20240122;103615;193.400000000;60;9450105395;S
20240122;103620;193.420000000;100;9450106097;B
20240122;103622;193.390000000;10;9450106274;S
20240122;103625;193.410000000;50;9450106564;B
20240122;103625;193.420000000;340;9450106565;B
20240122;103625;193.400000000;10;9450106566;S
20240122;103633;193.400000000;70;9450107739;B
20240122;103633;193.400000000;50;9450107740;B
20240122;103633;193.400000000;50;9450107741;B
20240122;103633;193.400000000;50;9450107742;B
20240122;103633;193.400000000;1080;9450107743;B
20240122;103633;193.400000000;10;9450107799;B
20240122;103634;193.400000000;1200;9450108137;B
20240122;103637;193.400000000;210;9450108554;B
20240122;103637;193.400000000;200;9450108555;B
20240122;103637;193.410000000;50;9450108556;B
20240122;103637;193.410000000;70;9450108557;B
20240122;103637;193.410000000;50;9450108558;B
20240122;103637;193.420000000;20;9450108559;B
20240122;103641;193.390000000;10;9450109155;S
20240122;103652;193.390000000;150;9450110951;S
20240122;103652;193.390000000;30;9450110952;S
20240122;103652;193.370000000;190;9450110953;S
20240122;103652;193.330000000;80;9450110954;S
20240122;103652;193.320000000;1550;9450110955;S
20240122;103653;193.390000000;80;9450111226;B
20240122;103655;193.360000000;100;9450111467;B
20240122;103655;193.350000000;300;9450111468;B
20240122;103655;193.350000000;50;9450111514;B
20240122;103655;193.350000000;10;9450111567;B
20240122;103656;193.350000000;10;9450111662;B
20240122;103658;193.330000000;10;9450111857;B
20240122;103658;193.340000000;40;9450111858;B
20240122;103658;193.320000000;10;9450111936;S
20240122;103658;193.310000000;150;9450111937;S
20240122;103702;193.310000000;1580;9450112542;S
20240122;103703;193.310000000;60;9450112687;S
20240122;103703;193.310000000;60;9450112693;S
20240122;103704;193.320000000;50;9450112815;B
20240122;103705;193.320000000;10;9450112866;B
20240122;103705;193.320000000;10;9450112867;B
20240122;103707;193.320000000;40;9450113175;B
20240122;103707;193.320000000;10;9450113176;B
20240122;103715;193.310000000;10;9450114552;S
20240122;103718;193.310000000;8140;9450115118;S
20240122;103718;193.300000000;70;9450115119;S
20240122;103718;193.300000000;50;9450115120;S
20240122;103720;193.240000000;900;9450115284;S
20240122;103722;193.240000000;100;9450115526;S
20240122;103723;193.220000000;500;9450115594;S
20240122;103724;193.200000000;100;9450115673;S
20240122;103725;193.190000000;10;9450115764;S
20240122;103726;193.160000000;80;9450115851;S
20240122;103727;193.150000000;500;9450115884;S
20240122;103727;193.120000000;10;9450115885;S
20240122;103727;193.120000000;60;9450115886;S
20240122;103727;193.110000000;70;9450115887;S
20240122;103727;193.110000000;30;9450115888;S
20240122;103727;193.100000000;500;9450115889;S
20240122;103727;193.100000000;10;9450115890;S
20240122;103727;193.090000000;500;9450115891;S
20240122;103727;193.090000000;320;9450115892;S
20240122;103729;193.110000000;30;9450116226;B
20240122;103734;193.110000000;20;9450117003;B
20240122;103734;193.110000000;80;9450117004;B
20240122;103734;193.140000000;400;9450117005;S
20240122;103740;193.110000000;10;9450117793;B
20240122;103742;193.120000000;10;9450118204;B
20240122;103743;193.150000000;50;9450118352;B
20240122;103744;193.160000000;20;9450118422;B
20240122;103759;193.130000000;10;9450119902;S
20240122;103804;193.130000000;20;9450120461;S
20240122;103804;193.130000000;40;9450120462;S
20240122;103804;193.130000000;30;9450120463;S
20240122;103805;193.130000000;20;9450120548;S
20240122;103805;193.110000000;10;9450120549;S
20240122;103813;193.140000000;10;9450121366;B
20240122;103813;193.140000000;100;9450121406;B
20240122;103814;193.140000000;10;9450121500;B
20240122;103821;193.140000000;380;9450122273;B
20240122;103829;193.150000000;40;9450124316;B
20240122;103830;193.150000000;10;9450124326;B
20240122;103830;193.150000000;10;9450124385;B
20240122;103830;193.200000000;50;9450124408;B
20240122;103830;193.200000000;70;9450124409;B
20240122;103830;193.210000000;50;9450124410;B
20240122;103830;193.210000000;10;9450124423;B
20240122;103830;193.210000000;30;9450124428;B
20240122;103836;193.200000000;50;9450124950;B
20240122;103842;193.140000000;200;9450125661;S
20240122;103849;193.180000000;20;9450126429;B
20240122;103902;193.140000000;10;9450127962;S
20240122;103902;193.150000000;10;9450128009;B
20240122;103903;193.170000000;20;9450128053;B
20240122;103906;193.170000000;10;9450128663;B
20240122;103915;193.170000000;10;9450129682;B
20240122;103918;193.180000000;10;9450130595;B
20240122;103930;193.180000000;50;9450132629;B
20240122;103932;193.180000000;440;9450132875;B
20240122;103932;193.200000000;70;9450132876;B
20240122;103932;193.210000000;90;9450132877;B
20240122;103934;193.240000000;10;9450133104;B
20240122;103936;193.250000000;10;9450133248;B
20240122;103953;193.240000000;10;9450135400;B
20240122;103953;193.250000000;30;9450135401;B
20240122;103953;193.270000000;90;9450135402;B
20240122;103953;193.280000000;60;9450135403;B
20240122;103953;193.280000000;110;9450135404;B
20240122;103959;193.200000000;10;9450136052;B
20240122;103959;193.280000000;60;9450136053;B
20240122;103959;193.280000000;1190;9450136054;B
20240122;104002;193.250000000;10;9450136450;S
20240122;104008;193.200000000;100;9450137118;S
20240122;104015;193.270000000;100;9450138322;B
20240122;104015;193.280000000;10;9450138323;B
20240122;104015;193.300000000;10;9450138324;B
20240122;104015;193.300000000;60;9450138325;B
20240122;104015;193.310000000;10;9450138326;B
20240122;104015;193.310000000;10;9450138327;B
20240122;104046;193.310000000;10;9450141680;B
20240122;104052;193.240000000;10;9450142319;S
20240122;104052;193.240000000;10;9450142320;S
20240122;104052;193.230000000;180;9450142321;S
20240122;104052;193.230000000;10;9450142322;S
20240122;104052;193.210000000;20;9450142323;S
20240122;104118;193.260000000;20;9450145388;B
20240122;104126;193.200000000;20;9450146186;S
20240122;104129;193.240000000;200;9450146484;B
20240122;104130;193.240000000;40;9450146585;B
20240122;104134;193.200000000;40;9450146874;S
20240122;104134;193.170000000;40;9450146875;S
20240122;104134;193.160000000;60;9450146876;S
20240122;104134;193.150000000;50;9450146877;S
20240122;104141;193.140000000;10;9450147841;S
20240122;104141;193.140000000;10;9450147842;S
20240122;104141;193.140000000;60;9450147843;S
20240122;104141;193.130000000;30;9450147844;S
20240122;104157;193.150000000;180;9450149418;B
20240122;104157;193.160000000;60;9450149419;B
20240122;104157;193.180000000;60;9450149420;B
20240122;104208;193.160000000;70;9450150616;S
20240122;104214;193.170000000;10;9450151326;B
20240122;104222;193.150000000;10;9450152516;B
20240122;104225;193.140000000;50;9450152833;S
20240122;104237;193.130000000;220;9450153785;S
20240122;104237;193.120000000;30;9450153786;S
20240122;104237;193.110000000;140;9450153787;S
20240122;104237;193.110000000;50;9450153788;S
20240122;104237;193.110000000;50;9450153789;S
20240122;104237;193.110000000;50;9450153790;S
20240122;104237;193.110000000;50;9450153791;S
20240122;104237;193.110000000;50;9450153792;S
20240122;104237;193.110000000;50;9450153793;S
20240122;104237;193.110000000;50;9450153794;S
20240122;104237;193.110000000;50;9450153795;S
20240122;104237;193.110000000;60;9450153796;S
20240122;104237;193.100000000;80;9450153797;S
20240122;104237;193.100000000;570;9450153798;S
20240122;104249;193.150000000;10;9450154887;B
20240122;104259;193.150000000;70;9450156137;B
20240122;104259;193.150000000;30;9450156138;B
20240122;104302;193.100000000;40;9450156432;S
20240122;104309;193.120000000;10;9450156977;B
20240122;104316;193.100000000;50;9450157604;S
20240122;104317;193.130000000;100;9450157677;B
20240122;104319;193.100000000;40;9450157841;S
20240122;104320;193.130000000;10;9450157996;B
20240122;104324;193.100000000;510;9450158306;S
20240122;104336;193.110000000;50;9450159341;B
20240122;104336;193.120000000;50;9450159342;B
20240122;104345;193.120000000;10;9450160393;B
20240122;104347;193.110000000;20;9450160555;S
20240122;104347;193.110000000;50;9450160556;S
20240122;104351;193.100000000;200;9450160944;S
20240122;104402;193.120000000;10;9450162252;B
20240122;104402;193.120000000;20;9450162253;B
20240122;104410;193.110000000;10;9450163005;B
20240122;104410;193.120000000;60;9450163006;B
20240122;104410;193.120000000;330;9450163007;S
20240122;104410;193.120000000;170;9450163008;B
20240122;104410;193.130000000;140;9450163009;B
20240122;104410;193.140000000;50;9450163010;B
20240122;104410;193.140000000;140;9450163011;B
20240122;104418;193.130000000;10;9450163815;B
20240122;104418;193.130000000;60;9450163816;B
20240122;104418;193.140000000;130;9450163817;B
20240122;104419;193.140000000;60;9450163895;B
20240122;104427;193.130000000;60;9450165371;B
20240122;104427;193.150000000;80;9450165372;B
20240122;104434;193.110000000;20;9450166161;S
20240122;104441;193.110000000;870;9450167122;S
20240122;104441;193.110000000;20;9450167123;S
20240122;104441;193.110000000;60;9450167124;S
20240122;104441;193.100000000;1090;9450167125;S
20240122;104441;193.100000000;20;9450167126;S
20240122;104441;193.100000000;10;9450167127;S
20240122;104441;193.100000000;80;9450167128;S
20240122;104441;193.090000000;90;9450167129;S
20240122;104441;193.090000000;10;9450167130;S
20240122;104441;193.090000000;400;9450167131;S
20240122;104441;193.080000000;80;9450167132;S
20240122;104441;193.080000000;1470;9450167133;S
20240122;104447;193.080000000;530;9450167730;S
20240122;104449;193.070000000;10;9450167984;B
20240122;104449;193.080000000;60;9450167985;B
20240122;104449;193.090000000;30;9450167986;B
20240122;104455;193.050000000;20;9450168683;S
20240122;104455;193.040000000;20;9450168723;S
20240122;104455;193.040000000;10;9450168734;S
20240122;104456;193.070000000;10;9450168777;B
20240122;104501;193.040000000;40;9450169181;S
20240122;104502;193.040000000;10;9450169284;S
20240122;104504;193.040000000;2800;9450169473;S
20240122;104504;193.040000000;40;9450169474;S
20240122;104504;193.020000000;510;9450169475;S
20240122;104504;193.000000000;10;9450169476;S
20240122;104504;193.000000000;30;9450169477;S
20240122;104504;193.000000000;50;9450169478;S
20240122;104504;193.000000000;600;9450169479;S
20240122;104504;193.000000000;10;9450169480;S
20240122;104504;193.000000000;10;9450169481;S
20240122;104504;192.980000000;20;9450169499;S
20240122;104504;192.930000000;10;9450169500;S
20240122;104504;192.930000000;190;9450169501;S
20240122;104504;192.920000000;60;9450169502;S
20240122;104504;192.920000000;220;9450169503;S
20240122;104504;192.910000000;150;9450169511;S
20240122;104505;192.910000000;200;9450169923;S
20240122;104507;192.970000000;10;9450170135;B
20240122;104510;192.910000000;820;9450170448;S
20240122;104510;192.900000000;180;9450170449;S
20240122;104513;192.910000000;10;9450170607;S
20240122;104513;192.940000000;10;9450170658;B
20240122;104517;192.910000000;10;9450171096;S
20240122;104519;192.930000000;10;9450171286;B
20240122;104525;192.940000000;30;9450171995;B
20240122;104532;192.910000000;10;9450172663;S
20240122;104532;192.900000000;320;9450172664;S
20240122;104532;192.900000000;10;9450172665;S
20240122;104532;192.900000000;260;9450172666;S
20240122;104534;192.900000000;10;9450172864;S
20240122;104535;192.900000000;1730;9450172961;S
20240122;104535;192.900000000;150;9450172962;S
20240122;104535;192.880000000;10;9450172963;S
20240122;104536;192.850000000;500;9450173000;S
20240122;104540;192.840000000;10;9450173394;S
20240122;104544;192.830000000;10;9450173774;S
20240122;104544;192.830000000;210;9450173775;S
20240122;104544;192.820000000;100;9450173776;S
20240122;104544;192.820000000;180;9450173777;S
20240122;104545;192.890000000;10;9450173896;B
20240122;104546;192.820000000;10;9450173967;S
20240122;104547;192.880000000;10;9450174124;S
20240122;104547;192.880000000;500;9450174125;B
20240122;104556;192.880000000;20;9450174854;B
20240122;104559;192.820000000;250;9450175158;S
20240122;104602;192.820000000;60;9450175365;S
20240122;104602;192.800000000;20;9450175366;S
20240122;104602;192.800000000;10;9450175367;S
20240122;104602;192.790000000;40;9450175368;S
20240122;104602;192.780000000;10;9450175369;S
20240122;104602;192.780000000;200;9450175370;S
20240122;104602;192.770000000;10;9450175371;S
20240122;104602;192.770000000;440;9450175372;S
20240122;104602;192.760000000;40;9450175413;S
20240122;104602;192.760000000;20;9450175423;S
20240122;104602;192.760000000;20;9450175428;S
20240122;104606;192.860000000;50;9450175730;B
20240122;104606;192.870000000;20;9450175731;B
20240122;104616;192.860000000;60;9450176648;B
20240122;104616;192.860000000;60;9450176651;B
20240122;104616;192.860000000;130;9450176681;B
20240122;104616;192.860000000;50;9450176682;B
20240122;104616;192.870000000;60;9450176683;B
20240122;104616;192.870000000;80;9450176684;B
20240122;104616;192.870000000;190;9450176685;B
20240122;104616;192.880000000;40;9450176686;B
20240122;104624;192.880000000;30;9450177481;B
20240122;104638;192.880000000;110;9450178607;B
20240122;104638;192.880000000;250;9450178608;B
20240122;104638;192.890000000;50;9450178609;B
20240122;104638;192.900000000;190;9450178610;B
20240122;104638;192.900000000;150;9450178611;S
20240122;104638;192.900000000;500;9450178612;B
20240122;104641;192.870000000;20;9450178803;S
20240122;104647;192.910000000;10;9450179405;B
20240122;104653;192.900000000;10;9450180059;B
20240122;104653;192.900000000;230;9450180060;B
20240122;104653;192.910000000;10;9450180061;B
20240122;104653;192.910000000;50;9450180062;B
20240122;104653;192.910000000;250;9450180063;B
20240122;104653;192.920000000;500;9450180064;B
20240122;104653;192.940000000;200;9450180065;B
20240122;104653;192.940000000;500;9450180066;B
20240122;104653;192.940000000;500;9450180067;S
20240122;104653;192.960000000;200;9450180068;B
20240122;104653;192.960000000;300;9450180069;B
20240122;104653;192.940000000;250;9450180070;S
20240122;104653;192.940000000;250;9450180071;B
20240122;104653;192.960000000;200;9450180072;B
20240122;104653;193.000000000;20;9450180073;B
20240122;104653;193.000000000;20;9450180074;B
20240122;104653;193.010000000;10;9450180075;B
20240122;104653;192.950000000;50;9450180076;B
20240122;104653;193.000000000;450;9450180077;B
20240122;104653;192.910000000;190;9450180078;B
20240122;104653;192.880000000;30;9450180079;S
20240122;104653;192.880000000;50;9450180080;S
20240122;104654;192.870000000;420;9450180120;S
20240122;104654;192.870000000;60;9450180121;S
20240122;104654;192.800000000;100;9450180122;S
20240122;104654;192.800000000;20;9450180123;S
20240122;104654;192.800000000;10;9450180124;S
20240122;104654;192.800000000;120;9450180125;B
20240122;104654;192.910000000;100;9450180126;S
20240122;104704;192.950000000;50;9450181233;B
20240122;104708;192.920000000;350;9450181529;S
20240122;104708;192.920000000;50;9450181530;S
20240122;104708;192.920000000;100;9450181531;B
20240122;104708;192.960000000;250;9450181532;B
20240122;104708;192.960000000;90;9450181533;B
20240122;104708;192.970000000;60;9450181534;B
20240122;104723;192.960000000;10;9450182826;S
20240122;104723;192.960000000;490;9450182827;B
20240122;104723;192.970000000;10;9450182828;B
20240122;104723;192.950000000;10;9450182899;S
20240122;104723;192.950000000;490;9450182900;B
20240122;104723;192.970000000;10;9450182901;B
20240122;104724;192.920000000;30;9450182928;S
20240122;104724;192.940000000;10;9450182965;S
20240122;104728;192.940000000;10;9450183214;B
20240122;104730;192.940000000;20;9450183351;B
20240122;104730;192.940000000;20;9450183359;B
20240122;104731;192.940000000;20;9450183468;B
20240122;104734;192.940000000;10;9450183747;B
20240122;104736;192.920000000;20;9450184055;S
20240122;104736;192.920000000;50;9450184056;S
20240122;104736;192.910000000;80;9450184057;S
20240122;104736;192.900000000;10;9450184058;S
20240122;104736;192.900000000;10;9450184060;S
20240122;104739;192.960000000;10;9450184293;B
20240122;104742;192.970000000;20;9450184648;B
20240122;104755;192.940000000;10;9450185971;S
20240122;104802;192.960000000;50;9450186743;B
20240122;104802;192.960000000;20;9450186744;B
20240122;104802;192.970000000;20;9450186745;B
20240122;104809;192.940000000;50;9450187349;B
20240122;104809;192.940000000;950;9450187350;S
20240122;104809;192.910000000;50;9450187351;S
20240122;104810;192.950000000;80;9450187536;B
20240122;104815;192.950000000;10;9450187951;B
20240122;104831;192.950000000;60;9450189707;B
20240122;104839;192.950000000;10;9450190493;B
20240122;104845;192.930000000;10;9450191300;S
20240122;104845;192.920000000;10;9450191301;S
20240122;104854;192.910000000;10;9450192799;S
20240122;104854;192.900000000;50;9450192800;S
20240122;104854;192.900000000;10;9450192801;S
20240122;104854;192.890000000;50;9450192802;S
20240122;104858;192.930000000;20;9450193645;B
20240122;104902;192.890000000;4950;9450194079;S
20240122;104902;192.880000000;50;9450194080;S
20240122;104902;192.860000000;190;9450194081;S
20240122;104902;192.820000000;20;9450194082;S
20240122;104902;192.800000000;10;9450194083;S
20240122;104902;192.800000000;500;9450194084;S
20240122;104902;192.780000000;280;9450194085;S
20240122;104907;192.810000000;10;9450194516;B
20240122;104908;192.790000000;10;9450194622;S
20240122;104909;192.770000000;10;9450194777;S
20240122;104909;192.760000000;10;9450194778;S
20240122;104909;192.750000000;10;9450194779;S
20240122;104909;192.750000000;10;9450194780;S
20240122;104909;192.740000000;10;9450194781;S
20240122;104909;192.740000000;50;9450194782;S
20240122;104911;192.730000000;10;9450194902;S
20240122;104911;192.720000000;10;9450194903;S
20240122;104911;192.720000000;50;9450194904;S
20240122;104911;192.710000000;10;9450194905;S
20240122;104911;192.710000000;150;9450194906;S
20240122;104912;192.710000000;110;9450194951;S
20240122;104912;192.700000000;10;9450194952;S
20240122;104912;192.700000000;10;9450194953;S
20240122;104912;192.700000000;10;9450194954;S
20240122;104912;192.700000000;10;9450194955;S
20240122;104912;192.700000000;10;9450194956;S
20240122;104912;192.700000000;2070;9450194957;S
20240122;104912;192.700000000;10;9450194958;S
20240122;104912;192.700000000;260;9450194959;S
20240122;104915;192.710000000;150;9450195405;S
20240122;104917;192.700000000;240;9450195514;S
20240122;104917;192.700000000;100;9450195515;S
20240122;104917;192.690000000;10;9450195516;S
20240122;104917;192.680000000;10;9450195600;S
20240122;104918;192.680000000;10;9450195653;S
20240122;104918;192.670000000;10;9450195654;S
20240122;104918;192.670000000;10;9450195655;S
20240122;104918;192.660000000;10;9450195656;S
20240122;104918;192.660000000;10;9450195657;S
20240122;104918;192.660000000;10;9450195658;S
20240122;104918;192.660000000;10;9450195659;S
20240122;104918;192.650000000;50;9450195660;S
20240122;104918;192.650000000;500;9450195661;S
20240122;104918;192.650000000;10;9450195662;S
20240122;104918;192.650000000;50;9450195663;S
20240122;104918;192.650000000;50;9450195664;S
20240122;104918;192.640000000;10;9450195665;S
20240122;104918;192.640000000;30;9450195666;S
20240122;104918;192.640000000;10;9450195667;S
20240122;104918;192.630000000;1220;9450195668;S
20240122;104918;192.630000000;4380;9450195681;S
20240122;104918;192.630000000;10;9450195682;S
20240122;104918;192.630000000;500;9450195683;S
20240122;104918;192.630000000;10;9450195684;S
20240122;104918;192.610000000;10;9450195685;S
20240122;104918;192.610000000;90;9450195686;S
20240122;104919;192.600000000;10;9450195715;S
20240122;104921;192.600000000;40;9450195934;S
20240122;104921;192.600000000;50;9450195935;S
