<DATE>;<TIME>;<LAST>;<VOL>;<ID>;<OPER>
20240118;095931;193.290000000;20;9428032277;S
20240118;095931;193.290000000;20;9428032278;S
20240118;095931;193.290000000;10;9428032279;S
20240118;095931;193.290000000;10;9428032280;B
20240118;095931;193.290000000;10;9428032281;B
20240118;095931;193.290000000;30;9428032282;B
20240118;095931;193.290000000;10;9428032283;B
20240118;095931;193.290000000;40;9428032284;B
20240118;095931;193.290000000;10;9428032285;S
20240118;095931;193.290000000;80;9428032286;B
20240118;095931;193.290000000;70;9428032287;B
20240118;095931;193.290000000;50;9428032288;B
20240118;095931;193.290000000;10;9428032289;S
20240118;095931;193.290000000;20;9428032290;B
20240118;095931;193.290000000;720;9428032291;B
20240118;095931;193.290000000;10;9428032292;B
20240118;095931;193.290000000;70;9428032293;B
20240118;095931;193.290000000;50;9428032294;B
20240118;095931;193.290000000;30;9428032295;B
20240118;095931;193.290000000;10;9428032296;B
20240118;095931;193.290000000;90;9428032297;B
20240118;095931;193.290000000;10;9428032298;B
20240118;095931;193.290000000;10;9428032299;S
20240118;095931;193.290000000;10;9428032300;S
20240118;095931;193.290000000;600;9428032301;S
20240118;095931;193.290000000;390;9428032302;B
20240118;095931;193.290000000;10;9428032303;B
20240118;095931;193.290000000;10;9428032304;B
20240118;095931;193.290000000;30;9428032305;B
20240118;095931;193.290000000;10;9428032306;B
20240118;095931;193.290000000;100;9428032307;B
20240118;095931;193.290000000;50;9428032308;B
20240118;095931;193.290000000;10;9428032309;B
20240118;095931;193.290000000;500;9428032310;B
20240118;095931;193.290000000;90;9428032311;B
20240118;100000;193.280000000;30;9428039696;B
20240118;100000;193.290000000;470;9428039697;B
20240118;100001;193.160000000;90;9428040048;S
20240118;100001;193.280000000;40;9428040316;B
20240118;100002;193.290000000;40;9428041026;B
20240118;100002;193.240000000;10;9428041311;S
20240118;100002;193.160000000;90;9428041312;S
20240118;100003;193.280000000;40;9428041701;B
20240118;100003;193.280000000;90;9428041973;B
20240118;100005;193.280000000;10;9428042774;B
20240118;100005;193.160000000;10;9428043099;S
20240118;100005;193.280000000;10;9428043223;B
20240118;100005;193.280000000;10;9428043549;B
20240118;100005;193.280000000;10;9428043551;B
20240118;100005;193.160000000;10;9428044005;S
20240118;100005;193.280000000;10;9428044007;B
20240118;100005;193.160000000;10;9428044010;S
20240118;100005;193.280000000;10;9428044236;B
20240118;100005;193.160000000;20;9428044327;S
20240118;100006;193.160000000;10;9428045262;S
20240118;100006;193.260000000;20;9428045266;B
20240118;100007;193.150000000;10;9428045475;S
20240118;100009;193.170000000;30;9428046429;S
20240118;100010;193.280000000;20;9428046720;B
20240118;100023;193.250000000;30;9428049927;B
20240118;100029;193.170000000;30;9428051031;S
20240118;100029;193.170000000;50;9428051032;S
20240118;100029;193.170000000;40;9428051033;S
20240118;100029;193.170000000;10;9428051034;S
20240118;100029;193.170000000;50;9428051035;S
20240118;100029;193.170000000;10;9428051036;S
20240118;100029;193.170000000;110;9428051037;S
20240118;100037;193.250000000;40;9428053082;B
20240118;100037;193.280000000;890;9428053083;B
20240118;100037;193.280000000;40;9428053084;B
20240118;100037;193.290000000;30;9428053085;B
20240118;100042;193.180000000;40;9428053904;S
20240118;100042;193.180000000;40;9428053905;S
20240118;100042;193.180000000;10;9428053906;S
20240118;100042;193.180000000;20;9428053907;S
20240118;100042;193.170000000;490;9428053908;S
20240118;100117;193.290000000;10;9428059900;B
20240118;100119;193.290000000;70;9428060086;B
20240118;100122;193.290000000;10;9428060681;B
20240118;100122;193.200000000;10;9428060712;S
20240118;100127;193.210000000;60;9428061501;S
20240118;100127;193.210000000;10;9428061502;S
20240118;100127;193.210000000;130;9428061503;S
20240118;100131;193.260000000;10;9428062272;B
20240118;100134;193.280000000;200;9428062686;B
20240118;100137;193.280000000;60;9428063112;S
20240118;100137;193.280000000;10;9428063113;S
20240118;100137;193.280000000;40;9428063114;S
20240118;100137;193.270000000;90;9428063115;S
20240118;100140;193.280000000;10;9428063582;B
20240118;100141;193.280000000;10;9428063621;S
20240118;100144;193.270000000;10;9428064171;S
20240118;100146;193.270000000;20;9428064405;S
20240118;100148;193.290000000;20;9428064627;B
20240118;100152;193.290000000;2560;9428065414;B
20240118;100152;193.290000000;50;9428065415;B
20240118;100152;193.290000000;5000;9428065416;B
20240118;100152;193.300000000;50;9428065419;B
20240118;100152;193.300000000;500;9428065420;B
20240118;100152;193.300000000;20;9428065421;B
20240118;100152;193.300000000;1440;9428065422;B
20240118;100152;193.300000000;620;9428065423;B
20240118;100152;193.300000000;20;9428065424;B
20240118;100152;193.300000000;10;9428065425;B
20240118;100152;193.300000000;500;9428065426;B
20240118;100152;193.320000000;10;9428065427;B
20240118;100152;193.320000000;60;9428065428;B
20240118;100153;193.330000000;10;9428065567;B
20240118;100153;193.330000000;780;9428065583;B
20240118;100153;193.300000000;10;9428065625;S
20240118;100153;193.320000000;10;9428065651;B
20240118;100153;193.300000000;30;9428065673;S
20240118;100153;193.300000000;20;9428065674;S
20240118;100153;193.300000000;100;9428065675;B
20240118;100153;193.300000000;100;9428065735;S
20240118;100153;193.300000000;900;9428065736;B
20240118;100156;193.330000000;1210;9428066094;B
20240118;100156;193.340000000;50;9428066095;B
20240118;100156;193.340000000;10;9428066096;B
20240118;100215;193.380000000;10;9428069911;B
20240118;100215;193.390000000;140;9428069912;B
20240118;100216;193.350000000;10;9428070110;S
20240118;100223;193.360000000;10;9428070984;S
20240118;100223;193.360000000;30;9428070985;S
20240118;100224;193.360000000;50;9428071324;S
20240118;100225;193.380000000;10;9428071455;B
20240118;100225;193.380000000;10;9428071456;B
20240118;100225;193.390000000;30;9428071457;B
20240118;100227;193.360000000;50;9428071665;S
20240118;100227;193.360000000;10;9428071666;S
20240118;100227;193.360000000;110;9428071667;S
20240118;100227;193.360000000;20;9428071668;S
20240118;100227;193.360000000;40;9428071669;S
20240118;100227;193.360000000;10;9428071670;S
20240118;100227;193.360000000;20;9428071671;S
20240118;100227;193.360000000;40;9428071672;S
20240118;100228;193.360000000;10;9428071719;B
20240118;100235;193.350000000;60;9428072618;S
20240118;100235;193.350000000;10;9428072619;S
20240118;100235;193.350000000;10;9428072620;S
20240118;100235;193.350000000;220;9428072621;S
20240118;100235;193.350000000;10;9428072622;S
20240118;100235;193.350000000;710;9428072623;S
20240118;100238;193.350000000;600;9428073049;B
20240118;100238;193.340000000;10;9428073053;S
20240118;100238;193.340000000;100;9428073054;S
20240118;100240;193.340000000;150;9428073366;B
20240118;100242;193.340000000;10;9428073671;B
20240118;100252;193.340000000;160;9428075328;B
20240118;100252;193.340000000;10;9428075348;B
20240118;100253;193.340000000;300;9428075406;B
20240118;100257;193.310000000;120;9428076066;S
20240118;100259;193.330000000;10;9428076332;B
20240118;100259;193.340000000;40;9428076333;B
20240118;100301;193.310000000;230;9428076681;S
20240118;100301;193.310000000;50;9428076682;S
20240118;100301;193.300000000;10;9428076683;S
20240118;100301;193.300000000;30;9428076684;S
20240118;100301;193.300000000;550;9428076685;S
20240118;100301;193.290000000;30;9428076686;S
20240118;100301;193.230000000;130;9428076687;S
20240118;100301;193.330000000;10;9428076699;B
20240118;100304;193.230000000;10;9428077264;S
20240118;100308;193.310000000;10;9428077972;B
20240118;100308;193.330000000;190;9428077973;B
20240118;100310;193.330000000;810;9428078155;B
20240118;100310;193.340000000;20;9428078156;B
20240118;100310;193.350000000;3380;9428078157;B
20240118;100310;193.360000000;190;9428078158;B
20240118;100310;193.360000000;3000;9428078159;B
20240118;100310;193.370000000;90;9428078160;B
20240118;100310;193.390000000;130;9428078161;B
20240118;100310;193.390000000;1240;9428078162;B
20240118;100310;193.390000000;10;9428078163;B
20240118;100310;193.390000000;50;9428078164;B
20240118;100310;193.400000000;10;9428078165;B
20240118;100310;193.400000000;10;9428078166;B
20240118;100310;193.400000000;100;9428078167;B
20240118;100310;193.400000000;300;9428078168;B
20240118;100310;193.400000000;500;9428078169;B
20240118;100310;193.410000000;70;9428078170;B
20240118;100310;193.410000000;70;9428078171;B
20240118;100310;193.440000000;940;9428078172;B
20240118;100310;193.460000000;1080;9428078173;B
20240118;100311;193.400000000;100;9428078267;S
20240118;100311;193.370000000;50;9428078268;S
20240118;100319;193.400000000;10;9428079447;B
20240118;100321;193.450000000;10;9428079946;B
20240118;100330;193.410000000;170;9428081265;S
20240118;100330;193.400000000;560;9428081266;S
20240118;100330;193.390000000;270;9428081267;S
20240118;100331;193.400000000;20;9428081486;S
20240118;100334;193.410000000;10;9428081809;B
20240118;100338;193.410000000;10;9428082390;B
20240118;100342;193.410000000;10;9428083000;B
20240118;100347;193.410000000;10;9428083477;B
20240118;100348;193.410000000;50;9428083622;B
20240118;100348;193.410000000;30;9428083623;B
20240118;100349;193.410000000;10;9428083683;B
20240118;100352;193.410000000;330;9428084084;B
20240118;100353;193.410000000;130;9428084168;B
20240118;100353;193.410000000;2690;9428084169;B
20240118;100353;193.440000000;10;9428084170;B
20240118;100353;193.450000000;990;9428084171;B
20240118;100353;193.450000000;1700;9428084172;B
20240118;100354;193.450000000;40;9428084216;S
20240118;100402;193.450000000;9440;9428085203;S
20240118;100406;193.360000000;80;9428085772;S
20240118;100406;193.350000000;220;9428085773;S
20240118;100406;193.350000000;40;9428085789;S
20240118;100408;193.400000000;50;9428086122;B
20240118;100408;193.440000000;520;9428086123;B
20240118;100408;193.450000000;600;9428086124;B
20240118;100408;193.460000000;60;9428086125;B
20240118;100408;193.460000000;2000;9428086126;B
20240118;100408;193.460000000;1550;9428086127;B
20240118;100408;193.470000000;500;9428086128;B
20240118;100408;193.480000000;10;9428086129;B
20240118;100408;193.480000000;2760;9428086130;B
20240118;100412;193.360000000;10;9428086667;S
20240118;100412;193.480000000;10;9428086676;B
20240118;100422;193.470000000;10;9428088089;B
20240118;100426;193.410000000;30;9428088483;S
20240118;100426;193.400000000;10;9428088484;S
20240118;100430;193.360000000;20;9428089073;S
20240118;100430;193.350000000;260;9428089074;S
20240118;100430;193.340000000;20;9428089075;S
20240118;100431;193.350000000;20;9428089087;S
20240118;100431;193.310000000;10;9428089088;S
20240118;100437;193.250000000;10;9428089867;S
20240118;100439;193.290000000;20;9428090140;B
20240118;100443;193.340000000;20;9428090550;B
20240118;100443;193.400000000;40;9428090551;B
20240118;100448;193.310000000;10;9428091398;S
20240118;100452;193.390000000;70;9428092019;B
20240118;100452;193.390000000;60;9428092020;B
20240118;100452;193.400000000;480;9428092021;B
20240118;100452;193.410000000;10;9428092022;B
20240118;100452;193.410000000;380;9428092023;B
20240118;100454;193.410000000;20;9428092224;B
20240118;100457;193.400000000;500;9428092625;S
20240118;100509;193.310000000;500;9428094418;B
20240118;100509;193.310000000;40;9428094419;B
20240118;100509;193.370000000;500;9428094420;B
20240118;100509;193.390000000;100;9428094421;B
20240118;100509;193.400000000;520;9428094422;B
20240118;100509;193.410000000;600;9428094423;B
20240118;100509;193.430000000;240;9428094424;B
20240118;100509;193.450000000;1000;9428094425;B
20240118;100509;193.470000000;200;9428094426;B
20240118;100509;193.470000000;800;9428094427;B
20240118;100509;193.470000000;300;9428094428;B
20240118;100516;193.290000000;60;9428095417;S
20240118;100516;193.280000000;40;9428095418;S
20240118;100522;193.390000000;50;9428096184;B
20240118;100524;193.290000000;10;9428096436;S
20240118;100525;193.290000000;10;9428096599;S
20240118;100525;193.290000000;30;9428096634;B
20240118;100527;193.290000000;50;9428097030;B
20240118;100531;193.280000000;10;9428097699;S
20240118;100534;193.290000000;30;9428098253;B
20240118;100534;193.360000000;30;9428098254;B
20240118;100534;193.360000000;60;9428098255;B
20240118;100552;193.330000000;10;9428100780;S
20240118;100554;193.330000000;20;9428101014;S
20240118;100554;193.320000000;30;9428101015;S
20240118;100554;193.320000000;240;9428101016;S
20240118;100554;193.300000000;1210;9428101017;S
20240118;100602;193.310000000;30;9428102252;S
20240118;100602;193.300000000;2070;9428102253;S
20240118;100605;193.300000000;30;9428102688;S
20240118;100607;193.300000000;400;9428102826;S
20240118;100608;193.310000000;30;9428102988;B
20240118;100612;193.310000000;10;9428103304;B
20240118;100612;193.300000000;4290;9428103389;S
20240118;100612;193.300000000;200;9428103390;S
20240118;100614;193.210000000;40;9428103587;S
20240118;100614;193.190000000;250;9428103588;S
20240118;100617;193.180000000;40;9428104005;S
20240118;100619;193.170000000;70;9428104170;S
20240118;100622;193.210000000;30;9428104442;B
20240118;100624;193.210000000;40;9428104719;B
20240118;100626;193.210000000;10;9428104903;B
20240118;100627;193.210000000;10;9428104944;B
20240118;100634;193.210000000;460;9428105807;B
20240118;100634;193.210000000;50;9428105808;B
20240118;100635;193.280000000;40;9428105954;B
20240118;100635;193.290000000;10;9428105955;B
20240118;100642;193.190000000;10;9428106688;S
20240118;100649;193.260000000;10;9428107516;B
20240118;100649;193.260000000;10;9428107517;B
20240118;100649;193.270000000;30;9428107518;B
20240118;100651;193.170000000;50;9428107729;S
20240118;100651;193.170000000;40;9428107730;S
20240118;100651;193.160000000;300;9428107731;S
20240118;100651;193.160000000;1550;9428107732;S
20240118;100651;193.150000000;20;9428107733;S
20240118;100651;193.130000000;40;9428107734;S
20240118;100653;193.270000000;490;9428108052;B
20240118;100653;193.280000000;40;9428108053;B
20240118;100653;193.280000000;500;9428108054;B
20240118;100653;193.290000000;1000;9428108055;B
20240118;100653;193.290000000;10;9428108056;B
20240118;100653;193.300000000;510;9428108057;B
20240118;100653;193.300000000;100;9428108058;B
20240118;100653;193.300000000;350;9428108059;S
20240118;100707;193.310000000;10;9428109657;B
20240118;100727;193.290000000;10;9428111845;B
20240118;100727;193.200000000;30;9428111887;S
20240118;100730;193.300000000;10;9428112147;B
20240118;100732;193.210000000;10;9428112389;S
20240118;100732;193.210000000;10;9428112390;S
20240118;100735;193.300000000;10;9428112659;B
20240118;100735;193.310000000;40;9428112660;B
20240118;100739;193.310000000;10;9428113068;B
20240118;100739;193.310000000;90;9428113069;B
20240118;100749;193.310000000;50;9428114359;B
20240118;100750;193.310000000;10;9428114444;B
20240118;100800;193.300000000;1400;9428115559;B
20240118;100802;193.300000000;70;9428115714;B
20240118;100802;193.240000000;50;9428115795;S
20240118;100823;193.260000000;20;9428118590;B
20240118;100833;193.260000000;10;9428119687;S
20240118;100836;193.300000000;10;9428120017;B
20240118;100837;193.300000000;20;9428120029;B
20240118;100837;193.260000000;10;9428120083;S
20240118;100837;193.260000000;10;9428120084;S
20240118;100837;193.260000000;10;9428120085;S
20240118;100837;193.260000000;40;9428120086;S
20240118;100850;193.300000000;20;9428121367;B
20240118;100852;193.300000000;10;9428121582;B
20240118;100902;193.260000000;10;9428122811;S
20240118;100902;193.260000000;10;9428122812;S
20240118;100902;193.260000000;10;9428122813;S
20240118;100909;193.290000000;10;9428123558;B
20240118;100911;193.290000000;100;9428123696;B
20240118;100913;193.290000000;390;9428124031;B
20240118;100916;193.270000000;10;9428124267;B
20240118;100918;193.260000000;10;9428124478;S
20240118;100922;193.270000000;40;9428124783;B
20240118;100922;193.280000000;10;9428124784;B
20240118;100922;193.260000000;10;9428124804;S
20240118;100930;193.260000000;120;9428125472;S
20240118;100931;193.290000000;60;9428125555;B
20240118;100934;193.290000000;120;9428125759;B
20240118;100936;193.290000000;100;9428125967;B
20240118;100937;193.290000000;50;9428126040;B
20240118;100942;193.260000000;10;9428126451;S
20240118;100942;193.260000000;40;9428126452;S
20240118;100948;193.290000000;10;9428127171;B
20240118;100951;193.250000000;20;9428127567;S
20240118;100951;193.250000000;2980;9428127568;S
20240118;100951;193.290000000;160;9428127576;B
20240118;100951;193.290000000;50;9428127577;B
20240118;100951;193.290000000;10;9428127579;S
20240118;100956;193.300000000;20;9428127982;B
20240118;101004;193.290000000;110;9428128790;S
20240118;101004;193.290000000;30;9428128791;S
20240118;101006;193.300000000;20;9428128974;B
20240118;101008;193.290000000;10;9428129180;S
20240118;101013;193.290000000;60;9428129680;S
20240118;101013;193.290000000;10;9428129681;S
20240118;101013;193.290000000;20;9428129682;S
20240118;101013;193.290000000;30;9428129683;S
20240118;101013;193.290000000;20;9428129684;S
20240118;101013;193.290000000;10;9428129685;S
20240118;101013;193.290000000;10;9428129686;S
20240118;101013;193.290000000;20;9428129687;S
20240118;101013;193.290000000;20;9428129688;S
20240118;101013;193.290000000;10;9428129689;S
20240118;101013;193.290000000;90;9428129690;S
20240118;101013;193.290000000;550;9428129691;S
20240118;101016;193.300000000;250;9428129984;B
20240118;101017;193.300000000;100;9428130082;B
20240118;101025;193.290000000;20;9428130835;S
20240118;101025;193.290000000;10;9428130836;S
20240118;101026;193.300000000;130;9428130933;B
20240118;101028;193.300000000;1900;9428131159;B
20240118;101028;193.300000000;10;9428131160;B
20240118;101028;193.300000000;10;9428131161;B
20240118;101028;193.300000000;30;9428131162;B
20240118;101028;193.300000000;50;9428131163;B
20240118;101029;193.290000000;10;9428131229;S
20240118;101029;193.280000000;10;9428131230;S
20240118;101040;193.280000000;30;9428132686;S
20240118;101043;193.290000000;20;9428133162;B
20240118;101045;193.280000000;60;9428133344;S
20240118;101046;193.290000000;10;9428133384;B
20240118;101051;193.280000000;100;9428133985;S
20240118;101051;193.280000000;100;9428133986;S
20240118;101051;193.280000000;100;9428133987;S
20240118;101051;193.280000000;100;9428133988;S
20240118;101051;193.280000000;100;9428133989;S
20240118;101051;193.280000000;80;9428133990;S
20240118;101051;193.290000000;30;9428134002;B
20240118;101051;193.300000000;20;9428134003;B
20240118;101054;193.300000000;10;9428134247;B
20240118;101054;193.280000000;20;9428134250;S
20240118;101054;193.280000000;100;9428134251;S
20240118;101055;193.280000000;100;9428134417;S
20240118;101058;193.250000000;20;9428134772;S
20240118;101108;193.300000000;320;9428135852;B
20240118;101115;193.280000000;100;9428136592;S
20240118;101124;193.280000000;80;9428137394;B
20240118;101128;193.260000000;10;9428137949;B
20240118;101133;193.170000000;10;9428138562;S
20240118;101133;193.150000000;10;9428138563;S
20240118;101142;193.170000000;20;9428139441;S
20240118;101142;193.160000000;10;9428139442;S
20240118;101142;193.150000000;40;9428139443;S
20240118;101142;193.150000000;20;9428139444;S
20240118;101142;193.140000000;10;9428139445;S
20240118;101142;193.140000000;10;9428139446;S
20240118;101142;193.140000000;40;9428139447;S
20240118;101210;193.260000000;10;9428142869;B
20240118;101210;193.260000000;10;9428142870;B
20240118;101210;193.270000000;50;9428142871;B
20240118;101210;193.270000000;20;9428142872;B
20240118;101210;193.280000000;20;9428142873;B
20240118;101210;193.280000000;100;9428142874;B
20240118;101210;193.290000000;10;9428142875;B
20240118;101210;193.290000000;280;9428142876;B
20240118;101212;193.210000000;10;9428143187;S
20240118;101218;193.280000000;10;9428143876;B
20240118;101218;193.280000000;20;9428143877;B
20240118;101218;193.290000000;60;9428143878;B
20240118;101227;193.220000000;10;9428144651;S
20240118;101227;193.220000000;50;9428144652;S
20240118;101227;193.210000000;140;9428144653;S
20240118;101232;193.210000000;10;9428145162;S
20240118;101232;193.200000000;20;9428145163;S
20240118;101244;193.280000000;10;9428146458;B
20240118;101244;193.280000000;20;9428146459;B
20240118;101247;193.280000000;50;9428146805;S
20240118;101302;193.290000000;500;9428148446;B
20240118;101305;193.290000000;30;9428148674;B
20240118;101314;193.280000000;30;9428149756;S
20240118;101318;193.280000000;140;9428150187;S
20240118;101318;193.260000000;20;9428150188;S
20240118;101318;193.260000000;40;9428150189;S
20240118;101349;193.220000000;10;9428153473;S
20240118;101357;193.220000000;20;9428154433;S
20240118;101357;193.220000000;50;9428154434;S
20240118;101357;193.220000000;20;9428154435;S
20240118;101357;193.210000000;230;9428154436;S
20240118;101401;193.280000000;10;9428154942;B
20240118;101404;193.280000000;10;9428155286;B
20240118;101414;193.240000000;20;9428156500;S
20240118;101414;193.240000000;70;9428156501;S
20240118;101416;193.280000000;10;9428156796;B
20240118;101416;193.290000000;10;9428156797;B
20240118;101421;193.250000000;10;9428157326;S
20240118;101421;193.250000000;20;9428157327;S
20240118;101421;193.240000000;170;9428157328;S
20240118;101443;193.240000000;10;9428160251;S
20240118;101446;193.280000000;20;9428160506;B
20240118;101449;193.240000000;10;9428160974;S
20240118;101449;193.280000000;10;9428161007;B
20240118;101500;193.280000000;10;9428162223;B
20240118;101507;193.240000000;10;9428163858;S
20240118;101511;193.240000000;20;9428164524;S
20240118;101511;193.240000000;500;9428164525;S
20240118;101511;193.240000000;800;9428164545;S
20240118;101513;193.280000000;20;9428165231;B
20240118;101513;193.290000000;70;9428165232;B
20240118;101514;193.290000000;50;9428165310;B
20240118;101514;193.290000000;40;9428165311;B
20240118;101514;193.290000000;90;9428165379;B
20240118;101518;193.290000000;1970;9428166124;B
20240118;101518;193.300000000;20;9428166125;B
20240118;101518;193.300000000;100;9428166126;B
20240118;101518;193.300000000;130;9428166127;B
20240118;101518;193.300000000;20;9428166128;B
20240118;101518;193.310000000;380;9428166129;B
20240118;101521;193.320000000;10;9428166868;B
20240118;101521;193.320000000;10;9428166869;B
20240118;101521;193.330000000;10;9428166871;B
20240118;101522;193.330000000;20;9428167070;S
20240118;101522;193.320000000;220;9428167071;S
20240118;101522;193.310000000;680;9428167072;S
20240118;101522;193.310000000;10;9428167073;S
20240118;101522;193.310000000;90;9428167074;S
20240118;101522;193.310000000;90;9428167115;B
20240118;101532;193.310000000;10;9428168864;B
20240118;101537;193.310000000;10;9428169805;B
20240118;101545;193.310000000;10;9428171240;B
20240118;101549;193.310000000;3860;9428171946;B
20240118;101549;193.340000000;10;9428171947;B
20240118;101549;193.340000000;20;9428171948;B
20240118;101549;193.350000000;10;9428171949;B
20240118;101549;193.350000000;10;9428171950;B
20240118;101549;193.360000000;10;9428171951;B
20240118;101549;193.370000000;50;9428171952;B
20240118;101549;193.370000000;50;9428171953;B
20240118;101549;193.380000000;100;9428171954;B
20240118;101549;193.380000000;500;9428171955;B
20240118;101549;193.380000000;550;9428171956;B
20240118;101550;193.380000000;550;9428172111;B
20240118;101616;193.370000000;10;9428176699;B
20240118;101620;193.380000000;70;9428177479;B
20240118;101638;193.370000000;480;9428181016;B
20240118;101639;193.370000000;10;9428181162;B
20240118;101648;193.370000000;10;9428182572;B
20240118;101654;193.310000000;10;9428183528;S
20240118;101654;193.310000000;40;9428183529;S
20240118;101702;193.360000000;10;9428184816;B
20240118;101702;193.370000000;50;9428184854;B
20240118;101705;193.370000000;10;9428185357;B
20240118;101707;193.320000000;10;9428185525;S
20240118;101715;193.310000000;20;9428186701;S
20240118;101717;193.360000000;10;9428186972;B
20240118;101722;193.370000000;10;9428187838;B
20240118;101724;193.370000000;10;9428188035;B
20240118;101726;193.370000000;10;9428188277;B
20240118;101727;193.370000000;10;9428188288;B
20240118;101727;193.370000000;60;9428188296;B
20240118;101733;193.370000000;10;9428189163;B
20240118;101739;193.370000000;20;9428189820;B
20240118;101739;193.370000000;40;9428189874;B
20240118;101741;193.370000000;10;9428190086;B
20240118;101742;193.370000000;60;9428190181;B
20240118;101743;193.350000000;50;9428190269;S
20240118;101751;193.370000000;10;9428191129;B
20240118;101753;193.350000000;10;9428191357;S
20240118;101754;193.370000000;10;9428191503;B
20240118;101800;193.370000000;100;9428192216;B
20240118;101803;193.370000000;290;9428192535;B
20240118;101803;193.370000000;210;9428192536;B
20240118;101806;193.370000000;20;9428192863;B
20240118;101810;193.350000000;40;9428193181;S
20240118;101810;193.350000000;20;9428193182;S
20240118;101810;193.350000000;10;9428193183;S
20240118;101810;193.350000000;10;9428193184;S
20240118;101810;193.350000000;10;9428193185;S
20240118;101810;193.350000000;220;9428193186;S
20240118;101810;193.350000000;10;9428193187;S
20240118;101810;193.350000000;10;9428193188;S
20240118;101810;193.350000000;10;9428193189;S
20240118;101810;193.350000000;40;9428193190;S
20240118;101810;193.350000000;10;9428193191;S
20240118;101810;193.350000000;10;9428193192;S
20240118;101810;193.340000000;10;9428193193;S
20240118;101810;193.340000000;20;9428193194;S
20240118;101810;193.310000000;20;9428193195;S
20240118;101810;193.290000000;80;9428193196;S
20240118;101810;193.290000000;170;9428193197;S
20240118;101814;193.360000000;10;9428193652;B
20240118;101829;193.360000000;50;9428195193;B
20240118;101837;193.310000000;10;9428196172;S
20240118;101848;193.350000000;20;9428197127;B
20240118;101854;193.310000000;80;9428197813;S
20240118;101854;193.300000000;220;9428197814;S
20240118;101854;193.300000000;20;9428197815;S
20240118;101854;193.280000000;10;9428197816;S
20240118;101854;193.280000000;70;9428197817;S
20240118;101905;193.350000000;20;9428198900;B
20240118;101905;193.350000000;80;9428198901;B
20240118;101905;193.350000000;50;9428198902;B
20240118;101905;193.350000000;50;9428198903;B
20240118;101905;193.360000000;10;9428198904;B
20240118;101906;193.310000000;10;9428198954;S
20240118;101907;193.360000000;10;9428199041;B
20240118;101908;193.310000000;30;9428199069;S
20240118;101908;193.350000000;10;9428199112;B
20240118;101926;193.350000000;30;9428201387;B
20240118;101929;193.350000000;10;9428201955;B
20240118;101929;193.350000000;750;9428201979;B
20240118;101929;193.350000000;20;9428201980;B
20240118;101929;193.350000000;100;9428201981;B
20240118;101929;193.360000000;10;9428201982;B
20240118;101929;193.360000000;1000;9428201983;B
20240118;101929;193.360000000;20;9428201984;B
20240118;101929;193.370000000;20;9428201985;B
20240118;101929;193.370000000;70;9428201986;B
20240118;101929;193.370000000;3790;9428201987;B
20240118;101929;193.380000000;1580;9428201988;B
20240118;101929;193.380000000;40;9428201989;B
20240118;101929;193.380000000;100;9428201990;B
20240118;101929;193.380000000;10;9428201991;B
20240118;101929;193.390000000;10;9428201992;B
20240118;101929;193.390000000;500;9428201993;B
20240118;101929;193.390000000;20;9428201994;B
20240118;101929;193.390000000;20;9428202029;B
20240118;101931;193.330000000;10;9428202311;S
20240118;101931;193.330000000;10;9428202312;S
20240118;101931;193.330000000;70;9428202313;S
20240118;101931;193.320000000;10;9428202314;S
20240118;101938;193.370000000;10;9428203276;B
20240118;101938;193.380000000;10;9428203277;B
20240118;101938;193.380000000;20;9428203278;B
20240118;101938;193.390000000;260;9428203279;B
20240118;101938;193.390000000;500;9428203280;B
20240118;101938;193.390000000;50;9428203281;B
20240118;101938;193.400000000;100;9428203282;B
20240118;101938;193.400000000;200;9428203283;B
20240118;101938;193.400000000;1000;9428203284;B
20240118;101938;193.400000000;500;9428203285;B
20240118;101938;193.400000000;100;9428203286;B
20240118;101938;193.400000000;100;9428203287;B
20240118;101938;193.420000000;10;9428203288;B
20240118;101938;193.430000000;80;9428203289;B
20240118;101938;193.440000000;10;9428203290;B
20240118;101938;193.440000000;1000;9428203291;B
20240118;101938;193.450000000;50;9428203292;B
20240118;101938;193.450000000;70;9428203293;B
20240118;101938;193.450000000;50;9428203294;B
20240118;101938;193.450000000;430;9428203295;B
20240118;101938;193.460000000;450;9428203296;B
20240118;101954;193.380000000;80;9428205405;S
20240118;101954;193.380000000;20;9428205406;S
20240118;102001;193.430000000;10;9428206235;B
20240118;102001;193.440000000;20;9428206236;B
20240118;102001;193.440000000;10;9428206237;B
20240118;102001;193.440000000;50;9428206238;B
20240118;102001;193.440000000;10;9428206239;B
20240118;102001;193.450000000;900;9428206240;B
20240118;102013;193.440000000;10;9428207480;B
20240118;102019;193.440000000;20;9428208141;B
20240118;102019;193.440000000;10;9428208142;B
20240118;102028;193.400000000;20;9428208958;S
20240118;102028;193.400000000;20;9428208959;S
20240118;102028;193.400000000;10;9428208960;S
20240118;102028;193.400000000;10;9428208961;S
20240118;102028;193.400000000;30;9428208962;S
20240118;102028;193.430000000;10;9428208980;B
20240118;102030;193.400000000;50;9428209133;S
20240118;102030;193.400000000;50;9428209134;S
20240118;102034;193.430000000;20;9428209859;B
20240118;102034;193.430000000;10;9428209860;B
20240118;102034;193.430000000;10;9428209868;B
20240118;102034;193.440000000;10;9428209869;B
20240118;102037;193.410000000;30;9428210365;S
20240118;102037;193.400000000;10;9428210366;S
20240118;102037;193.400000000;10;9428210367;S
20240118;102037;193.400000000;10;9428210368;S
20240118;102037;193.400000000;10;9428210369;S
20240118;102037;193.400000000;10;9428210370;S
20240118;102037;193.400000000;330;9428210371;S
20240118;102037;193.400000000;10;9428210372;S
20240118;102037;193.390000000;70;9428210373;S
20240118;102037;193.390000000;20;9428210374;S
20240118;102040;193.390000000;10;9428210781;B
20240118;102059;193.330000000;10;9428213171;S
20240118;102059;193.320000000;40;9428213172;S
20240118;102100;193.360000000;20;9428213321;B
20240118;102100;193.360000000;20;9428213322;B
20240118;102108;193.310000000;50;9428214290;S
20240118;102108;193.310000000;10;9428214301;S
20240118;102108;193.310000000;160;9428214348;S
20240118;102108;193.290000000;20;9428214349;S
20240118;102108;193.290000000;10;9428214350;S
20240118;102108;193.290000000;10;9428214351;S
20240118;102108;193.290000000;10;9428214352;S
20240118;102108;193.280000000;200;9428214353;S
20240118;102108;193.270000000;50;9428214354;S
20240118;102108;193.260000000;10;9428214355;S
20240118;102108;193.260000000;40;9428214356;S
20240118;102119;193.340000000;20;9428215646;B
20240118;102128;193.350000000;10;9428216698;B
20240118;102136;193.340000000;10;9428217642;B
20240118;102136;193.350000000;70;9428217643;B
20240118;102136;193.350000000;20;9428217644;B
20240118;102136;193.360000000;60;9428217645;B
20240118;102136;193.380000000;10;9428217646;B
20240118;102136;193.380000000;520;9428217647;B
20240118;102138;193.400000000;2000;9428217872;B
20240118;102139;193.390000000;100;9428217921;S
20240118;102144;193.400000000;2000;9428218379;B
20240118;102145;193.390000000;180;9428218467;S
20240118;102149;193.390000000;20;9428218961;S
20240118;102149;193.390000000;20;9428218984;S
20240118;102152;193.400000000;10;9428219399;B
20240118;102152;193.390000000;50;9428219420;S
20240118;102157;193.390000000;10;9428219894;S
20240118;102157;193.390000000;10;9428219895;S
20240118;102157;193.390000000;520;9428219896;S
20240118;102158;193.380000000;40;9428219971;S
20240118;102158;193.390000000;3000;9428219997;B
20240118;102201;193.390000000;50;9428220201;B
20240118;102205;193.390000000;10;9428220739;B
20240118;102206;193.390000000;250;9428220876;B
20240118;102211;193.390000000;20;9428221401;B
20240118;102214;193.370000000;100;9428221762;B
20240118;102215;193.370000000;10;9428221914;B
20240118;102220;193.310000000;10;9428222339;S
20240118;102220;193.310000000;40;9428222340;S
20240118;102239;193.270000000;10;9428224193;S
20240118;102239;193.270000000;10;9428224194;S
20240118;102239;193.260000000;10;9428224195;S
20240118;102239;193.260000000;70;9428224196;S
20240118;102243;193.260000000;10;9428224565;S
20240118;102314;193.330000000;10;9428227489;B
20240118;102319;193.260000000;50;9428228018;S
20240118;102320;193.300000000;20;9428228135;B
20240118;102320;193.300000000;10;9428228136;B
20240118;102322;193.300000000;10;9428228291;B
20240118;102327;193.300000000;10;9428228737;B
20240118;102330;193.300000000;10;9428229027;B
20240118;102331;193.300000000;10;9428229250;B
20240118;102332;193.260000000;30;9428229295;S
20240118;102332;193.250000000;10;9428229296;S
20240118;102332;193.250000000;10;9428229297;S
20240118;102332;193.250000000;10;9428229298;S
20240118;102332;193.250000000;10;9428229299;S
20240118;102332;193.250000000;20;9428229300;S
20240118;102332;193.250000000;60;9428229301;S
20240118;102333;193.260000000;50;9428229344;B
20240118;102341;193.250000000;20;9428230006;S
20240118;102341;193.250000000;80;9428230007;S
20240118;102353;193.240000000;200;9428231103;S
20240118;102353;193.240000000;60;9428231104;S
20240118;102353;193.240000000;20;9428231105;S
20240118;102353;193.230000000;720;9428231106;S
20240118;102354;193.280000000;10;9428231159;B
20240118;102358;193.240000000;10;9428231517;B
20240118;102358;193.220000000;20;9428231550;S
20240118;102359;193.250000000;20;9428231702;B
20240118;102403;193.220000000;10;9428232473;S
20240118;102404;193.220000000;1000;9428232839;S
20240118;102405;193.230000000;50;9428232862;B
20240118;102406;193.220000000;10;9428233087;S
20240118;102409;193.220000000;460;9428233459;S
20240118;102409;193.220000000;520;9428233460;S
20240118;102409;193.220000000;10;9428233461;S
20240118;102409;193.200000000;10;9428233462;S
20240118;102409;193.200000000;10;9428233463;S
20240118;102409;193.190000000;50;9428233464;S
20240118;102409;193.190000000;10;9428233465;S
20240118;102409;193.190000000;560;9428233466;S
20240118;102415;193.230000000;20;9428234144;B
20240118;102419;193.220000000;20;9428234541;B
20240118;102419;193.220000000;80;9428234542;B
20240118;102419;193.230000000;10;9428234543;B
20240118;102419;193.230000000;390;9428234544;B
20240118;102424;193.220000000;10;9428235076;B
20240118;102425;193.180000000;100;9428235119;S
20240118;102450;193.190000000;10;9428237554;S
20240118;102450;193.180000000;10;9428237555;S
20240118;102455;193.210000000;270;9428238173;B
20240118;102455;193.210000000;20;9428238174;B
20240118;102455;193.220000000;100;9428238175;B
20240118;102455;193.230000000;60;9428238176;B
20240118;102455;193.240000000;10;9428238177;B
20240118;102455;193.240000000;10;9428238178;B
20240118;102455;193.240000000;10;9428238179;B
20240118;102455;193.240000000;10;9428238180;B
20240118;102455;193.240000000;100;9428238181;B
20240118;102455;193.250000000;300;9428238182;B
20240118;102455;193.250000000;1280;9428238183;B
20240118;102455;193.260000000;2830;9428238184;B
20240118;102500;193.200000000;100;9428238664;S
20240118;102500;193.190000000;400;9428238665;S
20240118;102501;193.190000000;20;9428238778;S
20240118;102502;193.190000000;500;9428238858;S
20240118;102504;193.250000000;10;9428239024;B
20240118;102504;193.180000000;390;9428239080;S
20240118;102504;193.180000000;10;9428239081;S
20240118;102504;193.180000000;10;9428239082;S
20240118;102504;193.180000000;10;9428239083;S
20240118;102504;193.180000000;20;9428239084;S
20240118;102504;193.170000000;60;9428239085;S
20240118;102507;193.170000000;650;9428239574;S
20240118;102509;193.170000000;500;9428239811;S
20240118;102514;193.210000000;30;9428240404;B
20240118;102514;193.210000000;20;9428240480;B
20240118;102514;193.210000000;10;9428240481;B
20240118;102514;193.230000000;30;9428240482;B
20240118;102517;193.180000000;130;9428240789;S
20240118;102538;193.180000000;20;9428242759;S
20240118;102539;193.220000000;20;9428242895;B
20240118;102558;193.190000000;10;9428244641;S
20240118;102558;193.180000000;20;9428244642;S
20240118;102609;193.180000000;10;9428245882;B
20240118;102619;193.170000000;1000;9428246799;S
20240118;102623;193.180000000;220;9428247183;B
20240118;102624;193.170000000;10;9428247369;S
20240118;102627;193.180000000;170;9428247652;B
20240118;102632;193.190000000;20;9428248081;S
20240118;102637;193.190000000;10;9428248623;S
20240118;102640;193.240000000;10;9428248968;B
20240118;102643;193.200000000;120;9428249309;S
20240118;102643;193.190000000;510;9428249310;S
20240118;102643;193.190000000;370;9428249311;S
20240118;102649;193.190000000;10;9428250001;S
20240118;102652;193.240000000;10;9428250274;B
20240118;102652;193.190000000;10;9428250277;S
20240118;102655;193.190000000;50;9428250540;S
20240118;102655;193.240000000;10;9428250600;B
20240118;102702;193.190000000;60;9428251215;S
20240118;102707;193.190000000;200;9428251611;S
20240118;102726;193.220000000;30;9428253471;B
20240118;102727;193.220000000;10;9428253525;S
20240118;102727;193.190000000;20;9428253526;S
20240118;102734;193.220000000;30;9428254152;B
20240118;102734;193.230000000;470;9428254153;B
20240118;102735;193.230000000;100;9428254278;B
20240118;102735;193.240000000;80;9428254279;B
20240118;102735;193.240000000;320;9428254280;B
20240118;102737;193.240000000;500;9428254521;B
20240118;102738;193.240000000;500;9428254724;B
20240118;102739;193.240000000;100;9428254793;B
20240118;102739;193.240000000;370;9428254894;B
20240118;102739;193.250000000;130;9428254895;B
20240118;102741;193.250000000;10;9428255363;B
20240118;102748;193.240000000;10;9428256784;B
20240118;102748;193.250000000;70;9428256785;B
20240118;102749;193.250000000;10;9428256910;B
20240118;102758;193.240000000;10;9428258545;B
20240118;102759;193.250000000;10;9428258755;B
20240118;102804;193.210000000;30;9428259645;S
20240118;102804;193.210000000;80;9428259646;S
20240118;102804;193.210000000;20;9428259647;S
20240118;102804;193.210000000;10;9428259648;S
20240118;102804;193.210000000;10;9428259649;S
20240118;102808;193.210000000;10;9428260482;S
20240118;102822;193.240000000;140;9428262801;B
20240118;102822;193.250000000;110;9428262802;B
20240118;102824;193.210000000;20;9428263075;S
20240118;102824;193.210000000;40;9428263076;S
20240118;102824;193.210000000;10;9428263077;S
20240118;102824;193.210000000;10;9428263078;S
20240118;102824;193.210000000;80;9428263079;S
20240118;102824;193.200000000;30;9428263080;S
20240118;102841;193.240000000;10;9428265250;B
20240118;102841;193.240000000;10;9428265251;B
20240118;102841;193.240000000;10;9428265252;B
20240118;102841;193.250000000;270;9428265253;B
20240118;102846;193.250000000;10;9428265768;B
20240118;102849;193.220000000;450;9428265969;S
20240118;102849;193.210000000;280;9428265970;S
20240118;102849;193.200000000;10;9428265971;S
20240118;102849;193.200000000;60;9428265972;S
20240118;102854;193.250000000;10;9428266456;B
20240118;102858;193.240000000;50;9428266794;B
20240118;102858;193.240000000;10;9428266835;B
20240118;102859;193.240000000;10;9428266851;B
20240118;102911;193.240000000;60;9428268094;B
20240118;102920;193.240000000;120;9428269143;B
20240118;102924;193.210000000;50;9428269655;S
20240118;102929;193.210000000;170;9428270050;S
20240118;102936;193.240000000;60;9428270602;B
20240118;102937;193.240000000;10;9428270718;B
20240118;102948;193.240000000;10;9428271737;B
20240118;103001;193.230000000;20;9428273478;B
20240118;103001;193.230000000;30;9428273479;B
20240118;103001;193.230000000;20;9428273489;S
20240118;103002;193.230000000;20;9428273492;S
20240118;103002;193.230000000;20;9428273499;S
20240118;103002;193.230000000;20;9428273502;S
20240118;103002;193.230000000;20;9428273507;S
20240118;103002;193.230000000;10;9428273519;S
20240118;103007;193.240000000;240;9428274354;B
20240118;103010;193.240000000;10;9428274710;B
20240118;103020;193.230000000;30;9428276034;S
20240118;103023;193.230000000;10;9428276529;S
20240118;103023;193.230000000;10;9428276530;S
20240118;103023;193.230000000;110;9428276531;S
20240118;103028;193.240000000;200;9428277546;B
20240118;103030;193.240000000;150;9428278001;B
20240118;103037;193.230000000;10;9428279170;S
20240118;103039;193.240000000;280;9428279345;B
20240118;103039;193.240000000;100;9428279346;B
20240118;103039;193.240000000;120;9428279347;B
20240118;103044;193.230000000;20;9428280088;S
20240118;103050;193.230000000;20;9428280962;S
20240118;103102;193.230000000;20;9428282254;S
20240118;103127;193.240000000;100;9428284247;B
20240118;103135;193.240000000;10;9428284948;B
20240118;103141;193.230000000;20;9428285826;S
20240118;103141;193.230000000;10;9428285827;S
20240118;103141;193.230000000;10;9428285828;S
20240118;103141;193.230000000;10;9428285829;S
20240118;103146;193.230000000;10;9428286364;S
20240118;103146;193.230000000;10;9428286365;S
20240118;103146;193.230000000;10;9428286366;S
20240118;103156;193.220000000;10;9428287141;S
20240118;103156;193.220000000;10;9428287142;S
20240118;103156;193.220000000;10;9428287154;S
20240118;103159;193.210000000;520;9428287411;S
20240118;103159;193.200000000;40;9428287412;S
20240118;103159;193.200000000;510;9428287413;S
20240118;103159;193.200000000;60;9428287414;S
20240118;103159;193.200000000;10;9428287415;S
20240118;103159;193.200000000;250;9428287416;S
20240118;103159;193.200000000;30;9428287417;S
20240118;103159;193.190000000;20;9428287418;S
20240118;103159;193.190000000;550;9428287419;S
20240118;103159;193.190000000;10;9428287420;S
20240118;103207;193.210000000;10;9428288128;B
20240118;103207;193.190000000;1490;9428288217;S
20240118;103209;193.190000000;10;9428288347;B
20240118;103215;193.180000000;10;9428288920;S
20240118;103215;193.180000000;20;9428288921;S
20240118;103218;193.170000000;1600;9428289275;S
20240118;103224;193.180000000;160;9428289728;B
20240118;103228;193.180000000;10;9428290047;B
20240118;103237;193.170000000;700;9428290939;S
20240118;103238;193.180000000;30;9428291038;B
20240118;103301;193.170000000;3480;9428292880;S
20240118;103301;193.170000000;50;9428292881;S
20240118;103301;193.170000000;20;9428292882;S
20240118;103301;193.170000000;100;9428292883;S
20240118;103301;193.170000000;80;9428292884;S
20240118;103301;193.170000000;10;9428292885;S
20240118;103301;193.170000000;10;9428292886;S
20240118;103301;193.170000000;110;9428292887;S
20240118;103301;193.170000000;20;9428292888;S
20240118;103301;193.160000000;160;9428292889;S
20240118;103303;193.160000000;20;9428293028;S
20240118;103316;193.160000000;100;9428294282;S
20240118;103319;193.170000000;10;9428294452;B
20240118;103338;193.160000000;10;9428295922;S
20240118;103340;193.160000000;50;9428296061;S
20240118;103340;193.160000000;110;9428296062;S
20240118;103344;193.160000000;590;9428296340;S
20240118;103344;193.160000000;10;9428296341;S
20240118;103344;193.150000000;100;9428296342;S
20240118;103344;193.150000000;10;9428296343;S
20240118;103344;193.150000000;100;9428296344;S
20240118;103344;193.150000000;100;9428296345;S
20240118;103344;193.150000000;90;9428296346;S
20240118;103344;193.150000000;10;9428296347;S
20240118;103346;193.140000000;10;9428296450;S
20240118;103346;193.120000000;20;9428296493;S
20240118;103346;193.120000000;10;9428296494;S
20240118;103346;193.120000000;20;9428296495;S
20240118;103346;193.120000000;20;9428296496;S
20240118;103346;193.100000000;30;9428296497;S
20240118;103346;193.100000000;100;9428296498;S
20240118;103346;193.100000000;200;9428296499;S
20240118;103346;193.100000000;20;9428296500;S
20240118;103346;193.090000000;10;9428296501;S
20240118;103346;193.090000000;50;9428296502;S
20240118;103346;193.090000000;260;9428296503;S
20240118;103346;193.070000000;10;9428296504;S
20240118;103346;193.060000000;30;9428296505;S
20240118;103346;193.040000000;10;9428296506;S
20240118;103346;193.040000000;70;9428296507;S
20240118;103346;193.040000000;1880;9428296508;S
20240118;103346;193.030000000;30;9428296509;S
20240118;103346;193.030000000;270;9428296510;S
20240118;103346;193.030000000;180;9428296511;S
20240118;103346;193.030000000;2200;9428296512;S
20240118;103346;193.030000000;500;9428296513;S
20240118;103346;193.020000000;10;9428296514;S
20240118;103346;193.020000000;10;9428296515;S
20240118;103346;193.020000000;10;9428296516;S
20240118;103346;193.010000000;200;9428296517;S
20240118;103346;193.000000000;30;9428296518;S
20240118;103346;193.000000000;10;9428296519;S
20240118;103346;193.000000000;100;9428296520;S
20240118;103346;193.000000000;10;9428296521;S
20240118;103346;193.000000000;500;9428296522;S
20240118;103346;193.000000000;10;9428296523;S
20240118;103346;193.000000000;150;9428296524;S
20240118;103346;193.000000000;60;9428296525;S
20240118;103346;193.000000000;50;9428296526;S
20240118;103346;193.000000000;10;9428296527;S
20240118;103346;193.000000000;30;9428296528;S
20240118;103346;193.000000000;250;9428296529;S
20240118;103346;193.000000000;500;9428296530;S
20240118;103346;193.000000000;20;9428296531;S
20240118;103346;193.000000000;20;9428296532;S
20240118;103346;193.000000000;10;9428296533;S
20240118;103346;193.000000000;510;9428296534;B
20240118;103346;193.000000000;4140;9428296535;B
20240118;103347;193.100000000;20;9428296559;S
20240118;103404;193.080000000;30;9428298037;B
20240118;103404;193.120000000;20;9428298038;B
20240118;103404;193.130000000;50;9428298039;B
20240118;103416;193.040000000;70;9428298849;S
20240118;103419;193.040000000;10;9428299106;S
20240118;103428;193.040000000;10;9428299868;S
20240118;103430;193.040000000;10;9428300023;S
20240118;103445;193.040000000;10;9428301950;S
20240118;103454;193.120000000;20;9428302816;B
20240118;103458;193.090000000;50;9428303193;B
20240118;103503;193.040000000;30;9428303752;S
20240118;103511;193.040000000;50;9428304350;S
20240118;103515;193.080000000;10;9428304927;B
20240118;103519;193.040000000;10;9428305546;S
20240118;103519;193.030000000;60;9428305547;S
20240118;103536;193.040000000;10;9428309397;S
20240118;103543;193.090000000;10;9428310770;B
20240118;103544;193.110000000;10;9428310945;B
20240118;103545;193.120000000;20;9428311130;B
20240118;103552;193.090000000;20;9428312612;S
20240118;103552;193.090000000;10;9428312613;S
20240118;103552;193.070000000;30;9428312614;S
20240118;103555;193.120000000;10;9428312962;B
20240118;103614;193.110000000;10;9428315925;B
20240118;103616;193.110000000;70;9428316080;B
20240118;103619;193.120000000;30;9428316321;B
20240118;103619;193.140000000;10;9428316322;B
20240118;103619;193.160000000;80;9428316323;B
20240118;103619;193.170000000;10;9428316324;B
20240118;103619;193.170000000;80;9428316325;B
20240118;103619;193.170000000;40;9428316326;B
20240118;103623;193.160000000;10;9428316864;B
20240118;103623;193.170000000;30;9428316865;B
20240118;103634;193.150000000;10;9428318193;B
20240118;103644;193.110000000;10;9428319525;S
20240118;103644;193.110000000;10;9428319526;S
20240118;103644;193.100000000;30;9428319527;S
20240118;103644;193.100000000;10;9428319528;S
20240118;103644;193.090000000;90;9428319529;S
20240118;103644;193.080000000;260;9428319530;S
20240118;103644;193.070000000;10;9428319531;S
20240118;103644;193.060000000;520;9428319532;S
20240118;103644;193.060000000;60;9428319533;S
20240118;103647;193.140000000;30;9428319986;B
20240118;103647;193.150000000;10;9428319987;B
20240118;103647;193.150000000;10;9428319988;B
20240118;103655;193.150000000;30;9428320835;B
20240118;103714;193.130000000;10;9428323248;B
20240118;103714;193.140000000;10;9428323249;B
20240118;103714;193.140000000;30;9428323250;B
20240118;103721;193.130000000;10;9428324134;B
20240118;103727;193.130000000;10;9428324999;B
20240118;103727;193.130000000;90;9428325000;S
20240118;103732;193.130000000;10;9428325660;B
20240118;103732;193.140000000;50;9428325661;B
20240118;103736;193.100000000;10;9428326382;S
20240118;103736;193.110000000;10;9428326531;B
20240118;103736;193.120000000;140;9428326532;B
20240118;103741;193.080000000;10;9428327046;S
20240118;103741;193.070000000;10;9428327047;S
20240118;103745;193.110000000;10;9428327756;B
20240118;103751;193.070000000;30;9428328586;S
20240118;103752;193.060000000;10;9428328767;S
20240118;103752;193.080000000;10;9428328795;B
20240118;103800;193.080000000;20;9428330070;B
20240118;103801;193.070000000;10;9428330077;S
20240118;103809;193.050000000;10;9428331496;S
20240118;103809;193.050000000;50;9428331497;S
20240118;103829;193.090000000;10;9428334367;B
20240118;103829;193.100000000;110;9428334368;B
20240118;103830;193.060000000;300;9428334451;S
20240118;103830;193.050000000;1310;9428334452;S
20240118;103833;193.080000000;10;9428334846;B
20240118;103833;193.090000000;20;9428334847;B
20240118;103837;193.050000000;190;9428335341;S
20240118;103837;193.050000000;10;9428335342;S
20240118;103837;193.050000000;10;9428335343;S
20240118;103837;193.050000000;10;9428335344;S
20240118;103837;193.050000000;10;9428335345;S
20240118;103837;193.050000000;10;9428335346;S
20240118;103837;193.050000000;10;9428335347;S
20240118;103837;193.050000000;40;9428335348;S
20240118;103837;193.050000000;10;9428335349;S
20240118;103837;193.040000000;100;9428335350;S
20240118;103837;193.030000000;10;9428335351;S
20240118;103837;193.020000000;590;9428335352;S
20240118;103842;193.020000000;110;9428335987;S
20240118;103842;193.010000000;10;9428335988;S
20240118;103842;193.000000000;100;9428335989;S
20240118;103842;193.000000000;20;9428335990;S
20240118;103842;193.000000000;10;9428335991;S
20240118;103842;193.000000000;100;9428335992;S
20240118;103842;193.000000000;10;9428335993;S
20240118;103842;193.000000000;10;9428335994;S
20240118;103842;193.000000000;110;9428335995;S
20240118;103842;193.000000000;50;9428335996;S
20240118;103842;193.000000000;10;9428335997;S
20240118;103842;192.990000000;50;9428335998;S
20240118;103842;192.990000000;10;9428335999;S
20240118;103842;192.990000000;110;9428336000;S
20240118;103842;192.980000000;110;9428336001;S
20240118;103842;192.980000000;180;9428336002;S
20240118;103842;193.000000000;10;9428336159;S
20240118;103842;192.970000000;1500;9428336160;S
20240118;103842;192.970000000;10;9428336161;S
20240118;103842;192.970000000;90;9428336162;S
20240118;103842;192.960000000;120;9428336163;S
20240118;103842;192.960000000;80;9428336164;S
20240118;103842;192.960000000;10;9428336165;S
20240118;103842;192.960000000;180;9428336166;S
20240118;103848;193.040000000;10;9428336933;B
20240118;103849;192.960000000;2510;9428337047;S
20240118;103852;193.030000000;10;9428337811;B
20240118;103853;192.950000000;1000;9428338041;S
20240118;103856;192.950000000;30;9428338484;S
20240118;103900;192.950000000;1000;9428339213;S
20240118;103915;192.970000000;10;9428341208;B
20240118;103917;193.020000000;10;9428341469;B
20240118;103917;193.030000000;10;9428341470;B
20240118;103922;192.950000000;10;9428342284;S
20240118;103924;192.960000000;880;9428342511;B
20240118;103931;192.960000000;10;9428343936;S
20240118;103931;192.960000000;70;9428343937;S
20240118;103932;192.950000000;50;9428343996;S
20240118;103934;192.950000000;10;9428344331;S
20240118;103940;192.960000000;30;9428345078;S
20240118;103940;192.960000000;30;9428345079;S
20240118;103942;192.950000000;30;9428345313;S
20240118;103945;193.000000000;30;9428345794;B
20240118;103949;193.000000000;870;9428346076;B
20240118;103953;193.000000000;20;9428346489;S
20240118;103954;193.000000000;10;9428346656;S
20240118;103957;192.990000000;200;9428346980;S
20240118;103957;192.980000000;140;9428346981;S
20240118;103957;192.950000000;560;9428346982;S
20240118;103957;192.950000000;30;9428346983;S
20240118;103957;192.950000000;120;9428346984;S
20240118;103957;192.940000000;90;9428346985;S
20240118;103957;192.940000000;2690;9428346986;S
20240118;103957;192.940000000;500;9428346987;S
20240118;103957;192.930000000;470;9428346988;S
20240118;104012;192.950000000;10;9428348869;S
20240118;104012;192.940000000;100;9428348870;S
20240118;104012;192.940000000;10;9428348871;S
20240118;104012;192.940000000;150;9428348872;S
20240118;104012;192.930000000;2220;9428348873;S
20240118;104012;192.930000000;10;9428348874;S
20240118;104012;192.930000000;10;9428348875;S
20240118;104012;192.930000000;10;9428348876;S
20240118;104012;192.930000000;10;9428348877;S
20240118;104012;192.930000000;20;9428348878;S
20240118;104012;192.930000000;130;9428348879;S
20240118;104012;192.920000000;1500;9428348880;S
20240118;104012;192.910000000;70;9428348881;S
20240118;104012;192.910000000;500;9428348882;S
20240118;104012;192.910000000;50;9428348883;S
20240118;104012;192.910000000;5000;9428348884;S
20240118;104012;192.900000000;10;9428348885;S
20240118;104012;192.900000000;190;9428348886;S
20240118;104014;192.920000000;20;9428349302;S
20240118;104014;192.900000000;10;9428349303;S
20240118;104017;192.960000000;10;9428349627;B
20240118;104017;192.970000000;10;9428349628;B
20240118;104029;192.910000000;10;9428351376;S
20240118;104029;192.910000000;30;9428351377;S
20240118;104029;192.900000000;60;9428351378;S
20240118;104030;192.910000000;10;9428351541;S
20240118;104030;192.900000000;240;9428351542;S
20240118;104030;192.900000000;10;9428351543;S
20240118;104030;192.900000000;10;9428351544;S
20240118;104030;192.900000000;20;9428351545;S
20240118;104030;192.900000000;150;9428351546;S
20240118;104030;192.900000000;9560;9428351547;S
20240118;104038;192.970000000;10;9428352898;B
20240118;104041;192.940000000;10;9428353284;B
20240118;104041;192.950000000;20;9428353285;B
20240118;104041;192.960000000;20;9428353286;B
20240118;104050;192.960000000;10;9428354404;B
20240118;104100;192.910000000;10;9428355761;S
20240118;104101;192.910000000;10;9428355831;S
20240118;104108;192.910000000;10;9428356724;S
20240118;104110;192.950000000;10;9428357003;B
20240118;104118;192.910000000;10;9428358243;S
20240118;104118;192.910000000;500;9428358244;S
20240118;104118;192.900000000;290;9428358245;S
20240118;104118;192.900000000;20;9428358246;S
20240118;104118;192.900000000;10;9428358247;S
20240118;104118;192.900000000;10;9428358248;S
20240118;104118;192.900000000;100;9428358249;S
20240118;104118;192.900000000;20;9428358250;S
20240118;104118;192.900000000;10;9428358251;S
20240118;104118;192.900000000;40;9428358252;S
20240118;104118;192.900000000;1270;9428358253;S
20240118;104118;192.900000000;20;9428358254;S
20240118;104118;192.900000000;10;9428358255;S
20240118;104118;192.900000000;10;9428358256;S
20240118;104118;192.900000000;20;9428358257;S
20240118;104118;192.900000000;600;9428358258;S
20240118;104118;192.900000000;100;9428358259;S
20240118;104118;192.900000000;50;9428358260;S
20240118;104118;192.900000000;50;9428358261;S
20240118;104118;192.900000000;60;9428358262;S
20240118;104120;192.900000000;10;9428358436;S
20240118;104120;192.900000000;10;9428358437;S
20240118;104120;192.900000000;720;9428358483;S
20240118;104120;192.900000000;2690;9428358484;S
20240118;104120;192.900000000;10;9428358485;S
20240118;104120;192.900000000;1340;9428358486;S
20240118;104120;192.900000000;1610;9428358487;S
20240118;104120;192.900000000;10;9428358488;S
20240118;104120;192.900000000;10;9428358489;S
20240118;104120;192.900000000;20;9428358490;S
20240118;104120;192.900000000;10;9428358491;S
20240118;104120;192.900000000;70;9428358492;S
20240118;104120;192.890000000;50;9428358493;S
20240118;104120;192.890000000;70;9428358494;S
20240118;104120;192.890000000;80;9428358495;S
20240118;104120;192.890000000;10;9428358501;S
20240118;104120;192.890000000;10;9428358516;S
20240118;104121;192.900000000;10;9428358524;B
20240118;104121;192.900000000;750;9428358545;B
20240118;104121;192.890000000;100;9428358560;S
20240118;104123;192.900000000;400;9428358786;B
20240118;104125;192.890000000;10;9428358998;S
20240118;104128;192.900000000;150;9428359269;B
20240118;104135;192.890000000;20;9428360266;S
20240118;104136;192.900000000;50;9428360347;B
20240118;104136;192.900000000;10;9428360408;B
20240118;104140;192.890000000;10;9428361012;S
20240118;104140;192.890000000;10;9428361013;S
20240118;104140;192.890000000;10;9428361014;S
20240118;104142;192.890000000;10;9428361175;S
20240118;104144;192.890000000;50;9428361319;S
20240118;104149;192.890000000;220;9428362069;S
20240118;104149;192.890000000;280;9428362070;S
20240118;104149;192.890000000;340;9428362071;S
20240118;104149;192.890000000;100;9428362072;S
20240118;104149;192.890000000;2690;9428362073;S
20240118;104149;192.880000000;50;9428362074;S
20240118;104149;192.880000000;40;9428362075;S
20240118;104149;192.880000000;2600;9428362076;S
20240118;104149;192.870000000;90;9428362077;S
20240118;104149;192.870000000;160;9428362078;S
20240118;104149;192.870000000;2690;9428362079;S
20240118;104149;192.870000000;10;9428362080;S
20240118;104149;192.850000000;40;9428362081;S
20240118;104149;192.850000000;40;9428362082;S
20240118;104149;192.850000000;10;9428362083;S
20240118;104149;192.850000000;30;9428362084;S
20240118;104150;192.850000000;20;9428362123;S
20240118;104151;192.850000000;10;9428362182;S
20240118;104151;192.830000000;30;9428362260;S
20240118;104151;192.830000000;70;9428362261;S
20240118;104156;192.830000000;10;9428362981;S
20240118;104201;192.850000000;70;9428363685;B
20240118;104201;192.850000000;10;9428363686;B
20240118;104201;192.850000000;100;9428363687;B
20240118;104201;192.860000000;20;9428363688;B
20240118;104201;192.860000000;20;9428363689;B
20240118;104201;192.890000000;280;9428363690;B
20240118;104201;192.890000000;10;9428363716;B
20240118;104203;192.840000000;10;9428364218;S
20240118;104204;192.860000000;20;9428364371;B
20240118;104204;192.870000000;10;9428364372;B
20240118;104206;192.840000000;30;9428364674;S
20240118;104207;192.840000000;20;9428364821;S
20240118;104214;192.860000000;20;9428365699;B
20240118;104215;192.840000000;70;9428365736;S
20240118;104220;192.840000000;230;9428366571;S
20240118;104220;192.830000000;220;9428366572;S
20240118;104220;192.820000000;140;9428366573;S
20240118;104220;192.830000000;80;9428366661;S
20240118;104242;192.870000000;20;9428369405;B
20240118;104242;192.890000000;10;9428369406;B
20240118;104247;192.880000000;20;9428369861;B
20240118;104252;192.880000000;30;9428370328;S
20240118;104252;192.860000000;20;9428370329;S
20240118;104252;192.850000000;10;9428370330;S
20240118;104252;192.850000000;10;9428370331;S
20240118;104252;192.850000000;80;9428370332;S
20240118;104255;192.840000000;180;9428370803;S
20240118;104255;192.830000000;50;9428370804;S
20240118;104255;192.830000000;270;9428370805;S
20240118;104301;192.900000000;10;9428371271;B
20240118;104302;192.900000000;110;9428371343;B
20240118;104302;192.900000000;300;9428371344;B
20240118;104304;192.890000000;10;9428371572;B
20240118;104310;192.830000000;10;9428372349;S
20240118;104329;192.880000000;10;9428374292;B
20240118;104329;192.880000000;10;9428374293;B
20240118;104331;192.830000000;120;9428374450;S
20240118;104337;192.830000000;500;9428375076;B
20240118;104339;192.870000000;10;9428375331;B
20240118;104350;192.880000000;10;9428376308;B
20240118;104351;192.840000000;10;9428376417;S
20240118;104351;192.830000000;140;9428376418;S
20240118;104359;192.830000000;360;9428377173;S
20240118;104359;192.830000000;20;9428377174;S
20240118;104359;192.820000000;120;9428377175;S
20240118;104402;192.870000000;10;9428377580;B
20240118;104406;192.830000000;10;9428377899;S
20240118;104407;192.870000000;90;9428377984;B
20240118;104409;192.830000000;20;9428378267;S
20240118;104409;192.820000000;140;9428378268;S
20240118;104412;192.870000000;10;9428378555;B
20240118;104412;192.870000000;20;9428378587;B
20240118;104414;192.870000000;40;9428378701;B
20240118;104416;192.870000000;30;9428379140;B
20240118;104416;192.870000000;20;9428379141;B
20240118;104416;192.880000000;50;9428379142;B
20240118;104429;192.880000000;30;9428380491;B
20240118;104429;192.880000000;20;9428380492;B
20240118;104429;192.880000000;10;9428380501;S
20240118;104446;192.890000000;10;9428382570;B
20240118;104446;192.890000000;10;9428382665;B
20240118;104449;192.880000000;10;9428382837;S
20240118;104450;192.890000000;20;9428382953;B
20240118;104450;192.900000000;80;9428382954;B
20240118;104450;192.900000000;10;9428382965;B
20240118;104453;192.880000000;210;9428383284;S
20240118;104457;192.900000000;20;9428383597;B
20240118;104459;192.890000000;10;9428383848;B
20240118;104502;192.900000000;100;9428384036;B
20240118;104503;192.900000000;10;9428384052;B
20240118;104504;192.900000000;110;9428384150;B
20240118;104505;192.880000000;220;9428384314;S
20240118;104505;192.880000000;10;9428384315;S
20240118;104506;192.880000000;10;9428384334;B
20240118;104509;192.870000000;400;9428384797;S
20240118;104509;192.850000000;200;9428384798;S
20240118;104509;192.830000000;20;9428384799;S
20240118;104509;192.830000000;30;9428384800;S
20240118;104509;192.830000000;20;9428384801;S
20240118;104509;192.820000000;130;9428384802;S
20240118;104514;192.820000000;10;9428385343;S
20240118;104515;192.880000000;10;9428385425;B
20240118;104527;192.820000000;10;9428386809;S
20240118;104535;192.870000000;60;9428387791;B
20240118;104535;192.880000000;140;9428387792;B
20240118;104539;192.820000000;450;9428388078;S
20240118;104539;192.820000000;20;9428388079;S
20240118;104540;192.860000000;200;9428388285;B
20240118;104543;192.820000000;10;9428388663;S
20240118;104547;192.820000000;30;9428389074;S
20240118;104603;192.840000000;20;9428391015;B
20240118;104603;192.810000000;20;9428391084;S
20240118;104603;192.810000000;50;9428391085;S
20240118;104603;192.800000000;10;9428391086;S
20240118;104603;192.800000000;20;9428391087;S
20240118;104603;192.800000000;50;9428391088;S
20240118;104603;192.800000000;50;9428391089;S
20240118;104603;192.800000000;30;9428391090;S
20240118;104603;192.800000000;100;9428391091;S
20240118;104603;192.800000000;2000;9428391092;S
20240118;104603;192.800000000;40;9428391093;S
20240118;104603;192.800000000;50;9428391094;S
20240118;104603;192.800000000;10;9428391095;S
20240118;104603;192.800000000;50;9428391096;S
20240118;104603;192.800000000;10;9428391097;S
20240118;104603;192.800000000;10;9428391098;S
20240118;104603;192.800000000;60;9428391099;S
20240118;104603;192.800000000;10;9428391100;S
20240118;104603;192.800000000;10;9428391101;S
20240118;104603;192.800000000;100;9428391102;B
20240118;104604;192.790000000;100;9428391133;S
20240118;104604;192.790000000;10;9428391134;S
20240118;104604;192.790000000;10;9428391138;S
20240118;104604;192.800000000;10;9428391175;B
20240118;104604;192.790000000;380;9428391178;S
20240118;104604;192.750000000;640;9428391179;S
20240118;104604;192.740000000;200;9428391180;S
20240118;104604;192.710000000;30;9428391181;S
20240118;104604;192.700000000;500;9428391182;S
20240118;104604;192.700000000;100;9428391183;S
20240118;104604;192.700000000;10;9428391184;S
20240118;104604;192.700000000;950;9428391185;S
20240118;104604;192.690000000;500;9428391186;S
20240118;104604;192.670000000;100;9428391187;S
20240118;104604;192.650000000;200;9428391188;S
20240118;104604;192.620000000;1550;9428391189;S
20240118;104604;192.610000000;10;9428391190;S
20240118;104604;192.710000000;130;9428391203;S
20240118;104604;192.790000000;10;9428391221;B
20240118;104605;192.720000000;20;9428391274;S
20240118;104605;192.670000000;10;9428391275;S
20240118;104605;192.660000000;50;9428391276;S
20240118;104605;192.670000000;50;9428391323;S
20240118;104605;192.650000000;700;9428391346;S
20240118;104605;192.620000000;210;9428391347;S
20240118;104605;192.610000000;150;9428391348;S
20240118;104605;192.600000000;60;9428391349;S
20240118;104605;192.600000000;30;9428391350;S
20240118;104605;192.600000000;500;9428391351;S
20240118;104605;192.590000000;600;9428391352;S
20240118;104605;192.580000000;1880;9428391353;S
20240118;104605;192.570000000;50;9428391354;S
20240118;104605;192.570000000;10;9428391355;S
20240118;104605;192.550000000;10;9428391356;S
20240118;104605;192.540000000;10;9428391357;S
20240118;104605;192.540000000;70;9428391358;S
20240118;104605;192.540000000;1550;9428391359;S
20240118;104605;192.530000000;1500;9428391360;S
20240118;104605;192.510000000;500;9428391361;S
20240118;104605;192.510000000;1000;9428391362;S
20240118;104605;192.500000000;100;9428391363;S
20240118;104605;192.500000000;70;9428391364;S
20240118;104605;192.500000000;550;9428391365;S
20240118;104605;192.500000000;10;9428391366;S
20240118;104605;192.500000000;1000;9428391367;S
20240118;104605;192.500000000;10;9428391368;S
20240118;104605;192.500000000;10;9428391369;S
20240118;104605;192.500000000;100;9428391370;S
20240118;104605;192.500000000;5000;9428391371;S
20240118;104605;192.500000000;300;9428391372;S
20240118;104605;192.500000000;20;9428391373;S
20240118;104605;192.500000000;1000;9428391374;S
20240118;104605;192.500000000;100;9428391375;S
20240118;104605;192.500000000;2500;9428391376;S
20240118;104605;192.500000000;10;9428391377;S
20240118;104605;192.460000000;1000;9428391378;S
20240118;104605;192.460000000;430;9428391379;S
20240118;104605;192.460000000;20;9428391380;S
20240118;104605;192.450000000;10;9428391381;S
20240118;104605;192.430000000;500;9428391382;S
20240118;104605;192.420000000;100;9428391383;S
20240118;104605;192.410000000;2500;9428391384;S
20240118;104605;192.410000000;10;9428391385;S
20240118;104605;192.410000000;500;9428391386;S
20240118;104605;192.410000000;1200;9428391387;S
20240118;104605;192.400000000;10;9428391388;S
20240118;104605;192.400000000;2000;9428391389;S
20240118;104605;192.400000000;500;9428391390;S
20240118;104605;192.400000000;500;9428391391;S
20240118;104605;192.380000000;20;9428391392;S
20240118;104605;192.380000000;3590;9428391393;S
20240118;104606;192.670000000;20;9428391442;B
20240118;104606;192.670000000;10;9428391443;B
20240118;104606;192.560000000;20;9428391450;S
20240118;104606;192.540000000;140;9428391451;S
20240118;104606;192.540000000;360;9428391472;S
20240118;104606;192.510000000;20;9428391473;S
20240118;104606;192.470000000;180;9428391474;S
20240118;104606;192.410000000;10;9428391475;S
20240118;104606;192.400000000;30;9428391476;S
20240118;104607;192.590000000;580;9428391579;S
20240118;104607;192.580000000;20;9428391580;S
20240118;104607;192.580000000;50;9428391622;S
20240118;104611;192.580000000;130;9428392008;S
20240118;104611;192.580000000;500;9428392009;S
20240118;104611;192.580000000;150;9428392010;S
20240118;104614;192.580000000;100;9428392405;B
20240118;104615;192.580000000;10;9428392472;B
20240118;104615;192.580000000;320;9428392473;B
20240118;104615;192.580000000;320;9428392474;B
20240118;104615;192.580000000;400;9428392509;B
20240118;104616;192.570000000;20;9428392613;S
20240118;104621;192.570000000;100;9428393118;S
20240118;104625;192.580000000;240;9428393656;B
20240118;104627;192.580000000;40;9428393927;B
20240118;104627;192.580000000;10;9428393980;B
20240118;104629;192.580000000;200;9428394254;B
20240118;104629;192.580000000;300;9428394255;B
20240118;104629;192.570000000;10;9428394276;S
20240118;104632;192.570000000;90;9428394623;S
20240118;104635;192.580000000;80;9428394994;B
20240118;104635;192.570000000;180;9428394998;S
20240118;104635;192.570000000;20;9428394999;S
20240118;104635;192.560000000;80;9428395000;S
20240118;104635;192.560000000;20;9428395001;S
20240118;104641;192.560000000;10;9428395802;S
20240118;104642;192.540000000;50;9428395991;S
20240118;104644;192.570000000;10;9428396242;B
20240118;104652;192.570000000;100;9428397222;B
20240118;104652;192.570000000;20;9428397223;B
20240118;104652;192.580000000;380;9428397224;B
20240118;104657;192.560000000;10;9428397674;S
20240118;104657;192.580000000;20;9428397707;B
20240118;104701;192.580000000;220;9428398221;B
20240118;104701;192.580000000;300;9428398222;B
20240118;104702;192.580000000;10;9428398350;B
20240118;104703;192.570000000;10;9428398489;S
20240118;104703;192.560000000;100;9428398490;S
20240118;104703;192.550000000;60;9428398491;S
20240118;104703;192.550000000;60;9428398492;S
20240118;104704;192.580000000;30;9428398670;B
20240118;104708;192.580000000;100;9428399152;B
20240118;104708;192.580000000;10;9428399168;B
20240118;104715;192.580000000;70;9428399730;B
20240118;104719;192.570000000;300;9428400074;S
20240118;104719;192.560000000;100;9428400075;S
20240118;104719;192.560000000;10;9428400076;S
20240118;104719;192.550000000;500;9428400077;S
20240118;104719;192.530000000;100;9428400078;S
20240118;104728;192.580000000;40;9428400885;B
20240118;104728;192.580000000;100;9428400889;B
20240118;104728;192.580000000;20;9428400900;B
20240118;104730;192.530000000;450;9428401154;S
20240118;104731;192.530000000;100;9428401237;S
20240118;104735;192.580000000;10;9428401731;B
20240118;104738;192.580000000;340;9428402079;B
20240118;104739;192.580000000;180;9428402215;B
20240118;104739;192.580000000;180;9428402216;B
20240118;104739;192.580000000;180;9428402217;B
20240118;104739;192.580000000;180;9428402218;B
20240118;104739;192.580000000;30;9428402219;B
20240118;104739;192.580000000;100;9428402220;B
20240118;104740;192.580000000;100;9428402303;B
20240118;104741;192.550000000;30;9428402345;S
20240118;104741;192.540000000;20;9428402346;S
20240118;104741;192.580000000;10;9428402361;B
20240118;104741;192.580000000;40;9428402362;B
20240118;104741;192.580000000;10;9428402363;B
20240118;104741;192.580000000;30;9428402390;B
20240118;104742;192.580000000;100;9428402428;B
20240118;104744;192.580000000;100;9428402604;B
20240118;104744;192.580000000;150;9428402605;B
20240118;104744;192.580000000;160;9428402606;B
20240118;104744;192.580000000;10;9428402621;B
20240118;104744;192.580000000;10;9428402635;B
20240118;104751;192.550000000;10;9428403166;S
20240118;104753;192.560000000;10;9428403356;S
20240118;104753;192.550000000;90;9428403357;S
20240118;104754;192.580000000;200;9428403472;B
20240118;104800;192.580000000;120;9428404037;B
20240118;104800;192.580000000;380;9428404038;B
20240118;104800;192.580000000;10;9428404039;B
20240118;104802;192.580000000;220;9428404215;B
20240118;104803;192.580000000;10;9428404264;B
20240118;104804;192.580000000;10;9428404386;B
20240118;104804;192.580000000;10;9428404387;B
20240118;104804;192.580000000;50;9428404469;B
20240118;104806;192.580000000;20;9428404552;B
20240118;104806;192.580000000;70;9428404553;B
20240118;104809;192.550000000;10;9428404898;S
20240118;104810;192.580000000;10;9428404911;B
20240118;104811;192.580000000;10;9428405013;B
20240118;104812;192.580000000;180;9428405199;B
20240118;104812;192.580000000;10;9428405200;B
20240118;104812;192.580000000;10;9428405206;B
20240118;104814;192.580000000;10;9428405485;B
20240118;104815;192.570000000;30;9428405547;S
20240118;104815;192.580000000;10;9428405548;B
20240118;104816;192.580000000;110;9428405680;B
20240118;104818;192.580000000;630;9428405994;B
20240118;104819;192.580000000;20;9428406052;B
20240118;104821;192.580000000;10;9428406277;B
20240118;104822;192.580000000;50;9428406384;B
20240118;104822;192.600000000;20;9428406474;S
20240118;104822;192.600000000;110;9428406475;B
20240118;104822;192.600000000;30;9428406476;B
20240118;104822;192.600000000;10;9428406493;B
20240118;104822;192.600000000;20;9428406503;B
20240118;104826;192.600000000;10;9428406878;B
20240118;104827;192.600000000;200;9428406989;B
20240118;104830;192.600000000;90;9428407444;S
20240118;104830;192.600000000;10;9428407445;S
20240118;104831;192.600000000;10;9428407510;S
20240118;104831;192.600000000;10;9428407511;S
20240118;104831;192.590000000;10;9428407556;S
20240118;104834;192.600000000;680;9428407877;B
20240118;104834;192.620000000;20;9428407878;B
20240118;104834;192.640000000;10;9428407879;B
20240118;104835;192.590000000;10;9428408009;S
20240118;104835;192.590000000;10;9428408010;S
20240118;104835;192.590000000;20;9428408011;S
20240118;104835;192.590000000;20;9428408012;S
20240118;104835;192.590000000;20;9428408013;S
20240118;104835;192.590000000;20;9428408014;B
20240118;104836;192.590000000;10;9428408043;B
20240118;104836;192.590000000;10;9428408044;B
20240118;104836;192.590000000;30;9428408066;B
20240118;104836;192.590000000;250;9428408110;B
20240118;104836;192.590000000;40;9428408130;B
20240118;104836;192.590000000;40;9428408131;B
20240118;104837;192.590000000;300;9428408186;B
20240118;104838;192.590000000;10;9428408309;B
20240118;104838;192.590000000;80;9428408310;B
20240118;104838;192.590000000;40;9428408311;B
20240118;104838;192.590000000;20;9428408332;B
20240118;104839;192.590000000;10;9428408351;B
20240118;104839;192.590000000;10;9428408352;B
20240118;104840;192.590000000;50;9428408509;B
20240118;104842;192.640000000;50;9428408784;B
20240118;104843;192.590000000;20;9428408863;S
20240118;104845;192.580000000;10;9428409166;S
20240118;104852;192.640000000;40;9428409926;B
20240118;104852;192.650000000;80;9428409927;B
20240118;104852;192.660000000;200;9428409928;B
20240118;104852;192.660000000;20;9428409929;B
20240118;104852;192.670000000;60;9428409930;B
20240118;104904;192.600000000;250;9428411431;S
20240118;104904;192.590000000;20;9428411432;S
20240118;104904;192.590000000;40;9428411433;S
20240118;104904;192.580000000;240;9428411434;S
20240118;104912;192.640000000;500;9428412377;B
20240118;104914;192.640000000;60;9428412593;B
20240118;104917;192.640000000;50;9428412864;B
20240118;104918;192.640000000;30;9428413099;B
20240118;104921;192.640000000;10;9428413410;B
20240118;104921;192.640000000;10;9428413426;B
20240118;104921;192.590000000;10;9428413459;S
20240118;104925;192.640000000;50;9428413866;B
20240118;104953;192.640000000;10;9428416869;B
20240118;104956;192.640000000;150;9428417107;B
20240118;105000;192.630000000;10;9428417602;B
20240118;105039;192.620000000;100;9428422252;S
20240118;105046;192.620000000;20;9428423217;S
20240118;105051;192.630000000;60;9428423734;B
20240118;105052;192.630000000;10;9428423916;B
20240118;105057;192.630000000;10;9428424446;B
20240118;105124;192.630000000;10;9428427572;B
20240118;105131;192.630000000;30;9428428291;S
20240118;105134;192.620000000;10;9428428725;S
20240118;105135;192.620000000;40;9428428834;S
20240118;105139;192.630000000;70;9428429324;B
20240118;105147;192.630000000;10;9428430148;S
20240118;105203;192.640000000;10;9428432127;B
20240118;105205;192.640000000;10;9428432311;B
20240118;105206;192.640000000;50;9428432352;B
20240118;105214;192.630000000;600;9428433100;S
20240118;105227;192.640000000;100;9428434689;B
20240118;105234;192.640000000;50;9428435414;B
20240118;105234;192.640000000;120;9428435458;B
20240118;105234;192.640000000;120;9428435459;B
20240118;105236;192.630000000;100;9428435696;S
20240118;105237;192.640000000;10;9428435798;B
20240118;105242;192.640000000;10;9428436304;B
20240118;105244;192.640000000;250;9428436517;B
20240118;105248;192.630000000;20;9428436950;S
20240118;105253;192.630000000;10;9428437651;S
20240118;105301;192.640000000;10;9428438289;B
20240118;105304;192.640000000;50;9428438620;B
20240118;105309;192.640000000;1760;9428439127;B
20240118;105309;192.640000000;20;9428439128;B
20240118;105309;192.640000000;190;9428439129;B
20240118;105315;192.630000000;10;9428439774;S
20240118;105324;192.630000000;130;9428440747;S
20240118;105329;192.640000000;30;9428441228;B
20240118;105332;192.630000000;90;9428441578;S
20240118;105335;192.630000000;600;9428441821;S
20240118;105340;192.630000000;100;9428442412;S
20240118;105343;192.640000000;100;9428442704;B
20240118;105348;192.640000000;10;9428443011;B
20240118;105350;192.640000000;10;9428443200;B
20240118;105359;192.640000000;30;9428443943;B
20240118;105401;192.630000000;10;9428444097;S
20240118;105408;192.640000000;10;9428444616;B
20240118;105421;192.640000000;20;9428446084;B
20240118;105424;192.630000000;250;9428446403;S
20240118;105424;192.630000000;10;9428446404;S
20240118;105424;192.630000000;50;9428446405;S
20240118;105424;192.630000000;10;9428446406;S
20240118;105424;192.630000000;10;9428446407;S
20240118;105424;192.630000000;70;9428446408;S
20240118;105424;192.630000000;500;9428446409;S
20240118;105424;192.630000000;10;9428446410;S
20240118;105424;192.630000000;60;9428446411;S
20240118;105427;192.620000000;10;9428446661;S
20240118;105429;192.630000000;10;9428446904;B
20240118;105430;192.620000000;10;9428446986;S
20240118;105430;192.610000000;100;9428447023;S
20240118;105433;192.610000000;300;9428447238;S
20240118;105433;192.600000000;100;9428447239;S
20240118;105435;192.620000000;40;9428447424;B
20240118;105436;192.600000000;150;9428447516;S
20240118;105436;192.600000000;10;9428447517;S
20240118;105436;192.600000000;10;9428447518;S
20240118;105436;192.600000000;30;9428447519;S
20240118;105436;192.610000000;30;9428447520;S
20240118;105436;192.600000000;100;9428447597;S
20240118;105438;192.600000000;70;9428447747;S
20240118;105440;192.600000000;50;9428447856;B
20240118;105440;192.610000000;20;9428447857;B
20240118;105440;192.610000000;200;9428447858;B
20240118;105440;192.620000000;80;9428447859;B
20240118;105440;192.630000000;140;9428447860;B
20240118;105446;192.580000000;10;9428448340;S
20240118;105447;192.580000000;10;9428448401;S
20240118;105449;192.580000000;10;9428448610;S
20240118;105449;192.560000000;20;9428448611;S
20240118;105449;192.560000000;20;9428448612;S
20240118;105453;192.540000000;10;9428448998;S
20240118;105454;192.540000000;100;9428449091;S
20240118;105513;192.580000000;10;9428451071;B
20240118;105516;192.540000000;150;9428451389;S
20240118;105522;192.550000000;10;9428451847;S
20240118;105524;192.590000000;20;9428452032;B
20240118;105524;192.590000000;10;9428452033;B
20240118;105524;192.590000000;10;9428452034;B
20240118;105524;192.600000000;30;9428452035;B
20240118;105531;192.600000000;30;9428452565;B
20240118;105533;192.550000000;20;9428452828;S
20240118;105533;192.550000000;20;9428452829;S
20240118;105533;192.550000000;230;9428452830;S
20240118;105533;192.540000000;20;9428452831;S
20240118;105533;192.540000000;10;9428452832;S
20240118;105538;192.580000000;10;9428453507;B
20240118;105544;192.540000000;10;9428453975;S
20240118;105558;192.580000000;10;9428455216;B
20240118;105558;192.580000000;10;9428455217;B
20240118;105559;192.550000000;10;9428455225;S
20240118;105559;192.540000000;10;9428455226;S
20240118;105606;192.580000000;20;9428455863;B
20240118;105606;192.580000000;300;9428455864;B
20240118;105606;192.580000000;10;9428455865;B
20240118;105611;192.590000000;20;9428456319;B
20240118;105611;192.590000000;10;9428456320;B
20240118;105611;192.600000000;10;9428456321;B
20240118;105612;192.600000000;10;9428456424;B
20240118;105619;192.600000000;120;9428457358;B
20240118;105630;192.590000000;250;9428458707;S
20240118;105632;192.590000000;10;9428458895;S
20240118;105635;192.600000000;20;9428459235;B
20240118;105654;192.590000000;10;9428461371;S
20240118;105655;192.600000000;100;9428461451;B
20240118;105657;192.600000000;450;9428461677;B
20240118;105708;192.590000000;50;9428463194;S
20240118;105711;192.590000000;20;9428463434;S
20240118;105711;192.580000000;10;9428463435;S
20240118;105715;192.590000000;170;9428463916;S
20240118;105718;192.590000000;50;9428464221;B
20240118;105723;192.580000000;30;9428464757;S
20240118;105725;192.590000000;990;9428465281;B
20240118;105727;192.590000000;850;9428465395;B
20240118;105728;192.590000000;360;9428465573;B
20240118;105729;192.590000000;50;9428465675;B
20240118;105731;192.590000000;1000;9428465790;B
20240118;105731;192.590000000;160;9428465791;B
20240118;105731;192.590000000;1210;9428465792;B
20240118;105731;192.590000000;1210;9428465793;B
20240118;105731;192.590000000;320;9428465794;B
20240118;105731;192.600000000;490;9428465795;B
20240118;105731;192.600000000;150;9428465796;B
20240118;105737;192.590000000;20;9428466412;S
20240118;105742;192.600000000;10;9428466866;B
20240118;105743;192.600000000;20;9428466946;B
20240118;105743;192.590000000;10;9428466956;S
20240118;105743;192.600000000;10;9428466981;B
20240118;105753;192.600000000;3710;9428467890;B
20240118;105753;192.600000000;30;9428467891;B
20240118;105753;192.620000000;150;9428467963;B
20240118;105753;192.630000000;2900;9428467981;B
20240118;105756;192.680000000;20;9428468204;B
20240118;105756;192.680000000;30;9428468205;B
20240118;105758;192.720000000;100;9428468423;S
20240118;105758;192.700000000;20;9428468424;S
20240118;105758;192.690000000;50;9428468425;S
20240118;105758;192.670000000;100;9428468426;S
20240118;105758;192.640000000;500;9428468427;S
20240118;105758;192.600000000;100;9428468428;S
20240118;105758;192.600000000;70;9428468429;S
20240118;105758;192.590000000;50;9428468430;S
20240118;105758;192.590000000;40;9428468431;S
20240118;105758;192.590000000;30;9428468432;S
20240118;105758;192.590000000;520;9428468433;S
20240118;105758;192.580000000;2010;9428468434;S
20240118;105817;192.640000000;50;9428470549;S
20240118;105817;192.630000000;20;9428470550;S
20240118;105817;192.630000000;30;9428470551;S
20240118;105817;192.630000000;10;9428470552;S
20240118;105817;192.630000000;10;9428470553;S
20240118;105819;192.630000000;10;9428470863;B
20240118;105843;192.630000000;10;9428473434;B
20240118;105845;192.630000000;1340;9428473708;B
20240118;105846;192.620000000;20;9428473767;S
20240118;105846;192.620000000;10;9428473768;S
20240118;105846;192.620000000;10;9428473769;S
20240118;105846;192.620000000;10;9428473770;S
20240118;105849;192.620000000;50;9428474089;B
20240118;105849;192.620000000;50;9428474090;B
20240118;105902;192.620000000;180;9428475691;B
20240118;105910;192.620000000;80;9428476563;B
20240118;105910;192.620000000;280;9428476565;B
20240118;105910;192.630000000;2100;9428476566;B
20240118;105912;192.600000000;10;9428476756;S
20240118;105912;192.600000000;10;9428476757;S
20240118;105912;192.600000000;10;9428476758;S
20240118;105912;192.590000000;20;9428476759;S
20240118;105912;192.590000000;50;9428476760;S
20240118;105930;192.620000000;50;9428478859;S
20240118;105932;192.620000000;200;9428479145;S
20240118;105935;192.630000000;500;9428479565;B
20240118;105937;192.630000000;10;9428479827;B
20240118;105938;192.630000000;360;9428479919;B
20240118;105939;192.630000000;20;9428479977;B
20240118;105947;192.630000000;500;9428481101;B
20240118;105957;192.630000000;10;9428482284;B
20240118;110012;192.630000000;140;9428484401;B
20240118;110012;192.630000000;10;9428484402;B
20240118;110016;192.630000000;310;9428485243;B
20240118;110017;192.630000000;360;9428485388;B
20240118;110019;192.630000000;140;9428485722;B
20240118;110020;192.630000000;20;9428485880;B
20240118;110027;192.630000000;30;9428487439;B
20240118;110028;192.620000000;100;9428487644;S
20240118;110029;192.630000000;70;9428487817;B
20240118;110030;192.630000000;50;9428487834;B
20240118;110030;192.630000000;10;9428487835;B
20240118;110031;192.630000000;20;9428488026;B
20240118;110044;192.630000000;500;9428490007;B
20240118;110044;192.630000000;50;9428490008;B
20240118;110047;192.630000000;30;9428490359;B
20240118;110054;192.630000000;10;9428491461;B
20240118;110056;192.630000000;10;9428491773;B
20240118;110107;192.630000000;10;9428493509;B
20240118;110107;192.630000000;20;9428493587;B
20240118;110109;192.620000000;10;9428493839;S
20240118;110109;192.620000000;20;9428493840;S
20240118;110111;192.630000000;50;9428494270;B
20240118;110114;192.630000000;10;9428494723;B
20240118;110118;192.630000000;70;9428495297;B
20240118;110123;192.630000000;360;9428496278;B
20240118;110126;192.620000000;10;9428496858;S
20240118;110140;192.630000000;150;9428499094;B
20240118;110148;192.620000000;40;9428500451;S
20240118;110150;192.630000000;240;9428500629;B
20240118;110154;192.630000000;10;9428501151;B
20240118;110156;192.630000000;50;9428501334;B
20240118;110159;192.620000000;10;9428501832;S
20240118;110204;192.630000000;10;9428502522;B
20240118;110205;192.630000000;1000;9428502641;B
20240118;110208;192.630000000;10;9428503058;B
20240118;110209;192.620000000;20;9428503207;S
20240118;110210;192.620000000;30;9428503244;S
20240118;110210;192.620000000;10;9428503245;S
20240118;110210;192.620000000;10;9428503246;S
20240118;110210;192.620000000;40;9428503247;S
20240118;110210;192.620000000;10;9428503248;S
20240118;110214;192.620000000;10;9428503961;S
20240118;110215;192.630000000;20;9428504087;B
20240118;110218;192.630000000;1000;9428504457;B
20240118;110227;192.630000000;30;9428505493;B
20240118;110245;192.620000000;10;9428507501;S
20240118;110251;192.620000000;10;9428508444;S
20240118;110254;192.630000000;220;9428508858;B
20240118;110254;192.650000000;10;9428508859;B
20240118;110305;192.680000000;10;9428510114;S
20240118;110312;192.690000000;10;9428510881;B
20240118;110320;192.710000000;50;9428511914;B
20240118;110322;192.710000000;10;9428512295;B
20240118;110324;192.680000000;30;9428512493;S
20240118;110324;192.660000000;30;9428512494;S
20240118;110324;192.650000000;20;9428512495;S
20240118;110324;192.650000000;40;9428512496;S
20240118;110324;192.650000000;50;9428512497;S
20240118;110324;192.640000000;340;9428512498;S
20240118;110327;192.700000000;10;9428512980;S
20240118;110330;192.710000000;50;9428513303;B
20240118;110330;192.710000000;10;9428513304;B
20240118;110330;192.720000000;1090;9428513305;B
20240118;110337;192.710000000;10;9428513967;S
20240118;110337;192.700000000;10;9428513968;S
20240118;110337;192.660000000;30;9428513969;S
20240118;110337;192.660000000;50;9428513970;S
20240118;110337;192.650000000;400;9428513971;S
20240118;110343;192.670000000;10;9428514738;S
20240118;110343;192.660000000;10;9428514739;S
20240118;110343;192.650000000;110;9428514740;S
20240118;110354;192.680000000;10;9428516048;B
20240118;110359;192.680000000;10;9428516759;B
20240118;110411;192.680000000;10;9428518515;B
20240118;110422;192.660000000;60;9428519816;S
20240118;110422;192.650000000;20;9428519817;S
20240118;110423;192.660000000;10;9428519957;S
20240118;110430;192.650000000;130;9428520829;S
20240118;110432;192.660000000;70;9428521110;B
20240118;110432;192.670000000;10;9428521111;B
20240118;110432;192.680000000;30;9428521112;B
20240118;110432;192.680000000;10;9428521113;B
20240118;110432;192.680000000;20;9428521114;B
20240118;110432;192.700000000;290;9428521115;B
20240118;110432;192.720000000;130;9428521116;B
20240118;110432;192.720000000;50;9428521117;B
20240118;110443;192.700000000;10;9428522636;B
20240118;110443;192.700000000;20;9428522637;B
20240118;110443;192.700000000;40;9428522638;B
20240118;110443;192.700000000;540;9428522639;B
20240118;110443;192.720000000;1800;9428522640;B
20240118;110444;192.650000000;30;9428522738;S
20240118;110456;192.720000000;1950;9428524243;B
20240118;110456;192.720000000;50;9428524244;B
20240118;110456;192.720000000;10;9428524282;B
20240118;110457;192.720000000;2000;9428524349;B
20240118;110458;192.720000000;2000;9428524417;B
20240118;110459;192.720000000;10;9428524511;B
20240118;110501;192.720000000;10;9428524760;B
20240118;110503;192.720000000;500;9428524935;B
20240118;110505;192.720000000;250;9428525139;B
20240118;110506;192.720000000;10;9428525341;B
20240118;110511;192.720000000;20;9428526116;B
20240118;110512;192.720000000;10;9428526297;B
20240118;110513;192.720000000;210;9428526322;B
20240118;110513;192.730000000;40;9428526323;B
20240118;110525;192.700000000;20;9428527969;S
20240118;110527;192.730000000;210;9428528412;B
20240118;110527;192.740000000;50;9428528413;B
20240118;110527;192.750000000;20;9428528414;B
20240118;110527;192.770000000;20;9428528415;B
20240118;110530;192.780000000;100;9428528659;B
20240118;110535;192.720000000;10;9428529474;S
20240118;110536;192.720000000;20;9428529640;S
20240118;110549;192.720000000;10;9428531288;S
20240118;110553;192.700000000;10;9428531729;S
20240118;110553;192.770000000;10;9428531832;B
20240118;110604;192.710000000;20;9428533827;S
20240118;110604;192.700000000;220;9428533828;S
20240118;110604;192.700000000;10;9428533829;S
20240118;110604;192.700000000;100;9428533830;S
20240118;110604;192.700000000;10;9428533831;S
20240118;110604;192.700000000;20;9428533832;S
20240118;110604;192.690000000;20;9428533833;S
20240118;110604;192.650000000;100;9428533834;S
20240118;110612;192.660000000;10;9428535230;S
20240118;110619;192.740000000;10;9428536159;B
20240118;110619;192.740000000;10;9428536160;B
20240118;110619;192.740000000;10;9428536161;B
20240118;110619;192.740000000;50;9428536162;B
20240118;110620;192.770000000;20;9428536276;B
20240118;110620;192.770000000;10;9428536277;B
20240118;110621;192.780000000;10;9428536328;B
20240118;110621;192.780000000;210;9428536390;B
20240118;110622;192.790000000;1880;9428536577;B
20240118;110622;192.790000000;120;9428536578;S
20240118;110627;192.780000000;10;9428537112;S
20240118;110631;192.790000000;20;9428537623;B
20240118;110631;192.790000000;10;9428537624;B
20240118;110632;192.790000000;10;9428537737;S
20240118;110633;192.790000000;10;9428537967;S
20240118;110633;192.780000000;10;9428537968;S
20240118;110633;192.780000000;10;9428537969;S
20240118;110635;192.780000000;10;9428538176;S
20240118;110640;192.790000000;20;9428538761;B
20240118;110640;192.790000000;10;9428538762;B
20240118;110640;192.800000000;10;9428538763;B
20240118;110640;192.800000000;190;9428538764;B
20240118;110642;192.790000000;50;9428539021;B
20240118;110647;192.790000000;10;9428539760;B
20240118;110656;192.800000000;10;9428540992;B
20240118;110700;192.790000000;20;9428541581;S
20240118;110700;192.790000000;50;9428541582;S
20240118;110700;192.780000000;10;9428541583;S
20240118;110700;192.770000000;10;9428541584;S
20240118;110700;192.770000000;10;9428541585;S
20240118;110700;192.760000000;10;9428541586;S
20240118;110700;192.750000000;40;9428541587;S
20240118;110700;192.740000000;10;9428541588;S
20240118;110700;192.720000000;10;9428541589;S
20240118;110700;192.700000000;500;9428541590;S
20240118;110700;192.680000000;30;9428541591;S
20240118;110743;192.780000000;10;9428547097;B
20240118;110751;192.790000000;30;9428548152;B
20240118;110751;192.790000000;20;9428548153;B
20240118;110751;192.800000000;90;9428548154;B
20240118;110808;192.800000000;100;9428550340;B
20240118;110822;192.800000000;110;9428552118;B
20240118;110822;192.800000000;40;9428552119;B
20240118;110826;192.800000000;10;9428552686;B
20240118;110827;192.810000000;2000;9428552834;B
20240118;110828;192.810000000;2000;9428552991;B
20240118;110843;192.810000000;50;9428554935;B
20240118;110852;192.810000000;10;9428556013;B
20240118;110853;192.800000000;100;9428556102;S
20240118;110853;192.800000000;40;9428556103;S
20240118;110853;192.800000000;10;9428556104;S
20240118;110853;192.800000000;10;9428556105;S
20240118;110902;192.800000000;100;9428557325;S
20240118;110902;192.800000000;10;9428557326;S
20240118;110902;192.800000000;10;9428557327;S
20240118;110902;192.800000000;30;9428557328;S
20240118;110902;192.800000000;10;9428557329;S
20240118;110902;192.800000000;10;9428557330;S
20240118;110902;192.800000000;70;9428557331;S
20240118;110902;192.800000000;130;9428557332;S
20240118;110911;192.800000000;10;9428558550;S
20240118;110912;192.810000000;60;9428558743;B
20240118;110919;192.810000000;10;9428559852;B
20240118;110932;192.810000000;20;9428561348;B
20240118;110942;192.800000000;10;9428562599;S
20240118;110947;192.800000000;10;9428563281;S
20240118;110951;192.810000000;10;9428563685;B
20240118;110954;192.810000000;10;9428564004;B
20240118;110957;192.800000000;10;9428564450;S
20240118;111002;192.800000000;130;9428564945;S
20240118;111002;192.800000000;250;9428564946;S
20240118;111002;192.800000000;50;9428564947;S
20240118;111002;192.800000000;30;9428564948;S
20240118;111002;192.800000000;10;9428564949;S
20240118;111011;192.800000000;10;9428565904;B
20240118;111011;192.790000000;10;9428565914;S
20240118;111011;192.790000000;10;9428565915;S
20240118;111011;192.790000000;30;9428565916;S
20240118;111016;192.800000000;100;9428566514;B
20240118;111016;192.800000000;30;9428566515;B
20240118;111016;192.810000000;70;9428566516;B
20240118;111017;192.790000000;10;9428566581;S
20240118;111017;192.780000000;10;9428566582;S
20240118;111017;192.760000000;10;9428566583;S
20240118;111017;192.730000000;10;9428566584;S
20240118;111017;192.720000000;130;9428566585;S
20240118;111034;192.800000000;10;9428568949;B
20240118;111050;192.790000000;10;9428570608;S
20240118;111050;192.780000000;10;9428570609;S
20240118;111050;192.770000000;10;9428570610;S
20240118;111050;192.730000000;10;9428570611;S
20240118;111050;192.720000000;50;9428570612;S
20240118;111050;192.720000000;60;9428570613;S
20240118;111053;192.790000000;10;9428570948;B
20240118;111103;192.790000000;10;9428572147;B
20240118;111118;192.790000000;10;9428574463;B
20240118;111118;192.780000000;10;9428574513;S
20240118;111121;192.790000000;10;9428574725;B
20240118;111122;192.770000000;10;9428574856;S
20240118;111122;192.760000000;10;9428574857;S
20240118;111122;192.730000000;20;9428574858;S
20240118;111144;192.790000000;10;9428577298;B
20240118;111154;192.780000000;10;9428578496;S
20240118;111154;192.770000000;10;9428578497;S
20240118;111154;192.770000000;10;9428578498;S
20240118;111154;192.760000000;10;9428578499;S
20240118;111154;192.760000000;10;9428578500;S
20240118;111158;192.790000000;10;9428578825;B
20240118;111159;192.790000000;30;9428578952;B
20240118;111209;192.790000000;10;9428580062;B
20240118;111223;192.780000000;10;9428581620;S
20240118;111223;192.760000000;10;9428581621;S
20240118;111223;192.750000000;10;9428581622;S
20240118;111226;192.780000000;20;9428582071;B
20240118;111232;192.790000000;300;9428582926;B
20240118;111236;192.730000000;40;9428583378;S
20240118;111236;192.730000000;10;9428583379;S
20240118;111307;192.790000000;150;9428586617;B
20240118;111307;192.790000000;100;9428586618;S
20240118;111307;192.810000000;10;9428586638;B
20240118;111308;192.760000000;10;9428586730;S
20240118;111308;192.760000000;30;9428586731;S
20240118;111308;192.750000000;460;9428586732;S
20240118;111311;192.750000000;110;9428587069;S
20240118;111323;192.740000000;30;9428588147;S
20240118;111323;192.730000000;140;9428588148;S
20240118;111323;192.710000000;330;9428588149;S
20240118;111324;192.710000000;300;9428588280;S
20240118;111326;192.740000000;10;9428588581;S
20240118;111326;192.730000000;10;9428588582;S
20240118;111326;192.710000000;80;9428588583;S
20240118;111326;192.750000000;10;9428588598;B
20240118;111330;192.750000000;10;9428589040;B
20240118;111339;192.740000000;400;9428590129;S
20240118;111342;192.750000000;20;9428590911;B
20240118;111346;192.750000000;90;9428591482;B
20240118;111355;192.750000000;160;9428592934;B
20240118;111355;192.750000000;10;9428592935;B
20240118;111433;192.750000000;100;9428599807;S
20240118;111453;192.750000000;50;9428603096;S
20240118;111500;192.760000000;30;9428604217;B
20240118;111501;192.770000000;100;9428604262;B
20240118;111501;192.780000000;60;9428604263;B
20240118;111503;192.780000000;10;9428604910;B
20240118;111505;192.760000000;230;9428605027;S
20240118;111505;192.760000000;100;9428605028;S
20240118;111505;192.750000000;670;9428605029;S
20240118;111533;192.750000000;50;9428609724;S
20240118;111534;192.750000000;100;9428609792;S
20240118;111543;192.750000000;70;9428611104;S
20240118;111559;192.770000000;10;9428613528;B
20240118;111608;192.780000000;30;9428614927;B
20240118;111608;192.780000000;300;9428614928;B
20240118;111608;192.790000000;300;9428614929;B
20240118;111608;192.790000000;30;9428614930;B
20240118;111608;192.800000000;520;9428614931;B
20240118;111608;192.800000000;710;9428614932;B
20240118;111608;192.810000000;1320;9428614933;B
20240118;111609;192.810000000;10;9428615028;B
20240118;111619;192.770000000;10;9428616534;S
20240118;111625;192.770000000;100;9428617255;S
20240118;111628;192.770000000;10;9428617622;S
20240118;111630;192.810000000;30;9428617781;B
20240118;111631;192.800000000;30;9428617943;S
20240118;111631;192.790000000;70;9428617944;S
20240118;111631;192.810000000;30;9428617945;B
20240118;111640;192.810000000;20;9428619130;B
20240118;111645;192.810000000;10;9428619749;B
20240118;111648;192.810000000;3500;9428620129;B
20240118;111658;192.810000000;830;9428621352;B
20240118;111658;192.810000000;10;9428621353;B
20240118;111658;192.810000000;160;9428621354;B
20240118;111658;192.810000000;60;9428621355;B
20240118;111700;192.780000000;110;9428621535;S
20240118;111708;192.810000000;10;9428622361;B
20240118;111715;192.800000000;30;9428623304;B
20240118;111734;192.810000000;200;9428632005;B
20240118;111740;192.810000000;250;9428636154;B
20240118;111753;192.810000000;30;9428644792;B
20240118;111800;192.800000000;270;9428649595;S
20240118;111800;192.780000000;30;9428649596;S
20240118;111800;192.770000000;20;9428649597;S
20240118;111800;192.770000000;280;9428649598;S
20240118;111826;192.810000000;200;9428667504;B
20240118;111829;192.770000000;30;9428669579;S
20240118;111829;192.770000000;10;9428669617;S
20240118;111848;192.800000000;10;9428682831;S
20240118;111848;192.790000000;30;9428682833;S
20240118;111856;192.800000000;90;9428688867;B
20240118;111856;192.810000000;1590;9428688868;B
20240118;111856;192.820000000;30;9428688869;B
20240118;111856;192.830000000;10;9428688870;B
20240118;111856;192.850000000;50;9428688871;B
20240118;111856;192.860000000;30;9428688872;B
20240118;111856;192.890000000;100;9428688873;B
20240118;111856;192.900000000;250;9428688874;B
20240118;111859;192.820000000;10;9428691811;S
20240118;111903;192.820000000;90;9428694939;B
20240118;111903;192.890000000;30;9428694940;B
20240118;111903;192.890000000;10;9428694941;B
20240118;111903;192.900000000;110;9428694942;B
20240118;111903;192.900000000;230;9428694943;S
20240118;111903;192.900000000;20;9428694944;S
20240118;111903;192.870000000;1000;9428694945;B
20240118;111903;192.880000000;700;9428694946;S
20240118;111920;192.880000000;10;9428708490;B
20240118;111920;192.900000000;10;9428708491;B
20240118;111921;192.870000000;10;9428709329;S
20240118;111921;192.850000000;10;9428709330;S
20240118;111924;192.860000000;10;9428711325;S
20240118;111924;192.840000000;10;9428711326;S
20240118;111924;192.820000000;10;9428711327;S
20240118;111924;192.820000000;10;9428711328;S
20240118;111924;192.820000000;10;9428711329;S
20240118;111924;192.820000000;10;9428711330;S
20240118;111924;192.820000000;10;9428711331;S
20240118;111924;192.820000000;20;9428711332;S
20240118;111924;192.820000000;10;9428711333;S
20240118;111924;192.810000000;10;9428711334;S
20240118;111924;192.810000000;10;9428711335;S
20240118;111924;192.800000000;30;9428711336;S
20240118;111924;192.790000000;10;9428711337;S
20240118;111924;192.790000000;100;9428711338;S
20240118;111924;192.770000000;10;9428711339;S
20240118;111924;192.770000000;10;9428711340;S
20240118;111924;192.770000000;80;9428711341;S
20240118;111924;192.880000000;10;9428711589;S
20240118;111924;192.850000000;100;9428711599;S
20240118;111924;192.850000000;900;9428711600;S
20240118;111940;192.870000000;10;9428724312;B
20240118;111940;192.880000000;90;9428724313;B
20240118;111945;192.840000000;70;9428727710;S
