<DATE>;<TIME>;<LAST>;<VOL>;<ID>;<OPER>
20240213;095931;199.000000000;10;9591008974;S
20240213;095931;199.000000000;100;9591008975;B
20240213;095931;199.000000000;10;9591008976;B
20240213;095931;199.000000000;20;9591008977;B
20240213;095931;199.000000000;10;9591008978;B
20240213;095931;199.000000000;20;9591008979;B
20240213;095931;199.000000000;90;9591008980;B
20240213;095931;199.000000000;10;9591008981;B
20240213;095931;199.000000000;80;9591008982;S
20240213;095931;199.000000000;10;9591008983;B
20240213;095931;199.000000000;10;9591008984;S
20240213;095931;199.000000000;10;9591008985;B
20240213;095931;199.000000000;10;9591008986;B
20240213;095931;199.000000000;150;9591008987;B
20240213;095931;199.000000000;50;9591008988;B
20240213;095931;199.000000000;10;9591008989;B
20240213;095931;199.000000000;10;9591008990;B
20240213;095931;199.000000000;10;9591008991;B
20240213;095931;199.000000000;10;9591008992;B
20240213;095931;199.000000000;200;9591008993;S
20240213;095931;199.000000000;10;9591008994;S
20240213;095931;199.000000000;30;9591008995;S
20240213;095931;199.000000000;10;9591008996;B
20240213;095931;199.000000000;20;9591008997;B
20240213;095931;199.000000000;50;9591008998;B
20240213;095931;199.000000000;410;9591008999;B
20240213;095931;199.000000000;30;9591009000;B
20240213;095931;199.000000000;80;9591009001;B
20240213;095931;199.000000000;40;9591009002;S
20240213;095931;199.000000000;30;9591009003;S
20240213;095931;199.000000000;60;9591009004;S
20240213;095931;199.000000000;10;9591009005;B
20240213;100000;199.010000000;10;9591014801;B
20240213;100000;199.010000000;20;9591014802;B
20240213;100000;199.010000000;870;9591014803;B
20240213;100000;199.010000000;100;9591014812;B
20240213;100000;199.010000000;30;9591014817;B
20240213;100000;199.090000000;20;9591014891;B
20240213;100000;199.150000000;20;9591014975;B
20240213;100000;199.250000000;30;9591015044;B
20240213;100000;199.410000000;10;9591015071;B
20240213;100000;199.450000000;70;9591015195;S
20240213;100000;199.450000000;70;9591015198;S
20240213;100000;199.450000000;70;9591015199;S
20240213;100000;199.450000000;70;9591015201;S
20240213;100000;199.450000000;70;9591015213;S
20240213;100000;199.450000000;70;9591015214;S
20240213;100000;199.450000000;70;9591015215;S
20240213;100000;199.450000000;60;9591015217;S
20240213;100000;199.450000000;10;9591015218;S
20240213;100000;199.450000000;70;9591015224;S
20240213;100000;199.450000000;70;9591015225;S
20240213;100000;199.450000000;70;9591015226;S
20240213;100000;199.450000000;70;9591015234;S
20240213;100000;199.450000000;10;9591015235;S
20240213;100000;199.450000000;200;9591015261;S
20240213;100000;199.460000000;100;9591015614;S
20240213;100000;199.460000000;100;9591015615;S
20240213;100000;199.460000000;100;9591015616;S
20240213;100001;199.480000000;770;9591015624;B
20240213;100001;199.460000000;80;9591015633;B
20240213;100001;199.290000000;70;9591015641;S
20240213;100001;199.280000000;30;9591015642;S
20240213;100001;199.290000000;200;9591015645;B
20240213;100001;199.280000000;10;9591016391;S
20240213;100002;199.460000000;100;9591016888;B
20240213;100003;199.500000000;120;9591017123;B
20240213;100004;199.490000000;10;9591017917;B
20240213;100005;199.500000000;10;9591018102;B
20240213;100005;199.490000000;200;9591018305;S
20240213;100005;199.500000000;110;9591018393;B
20240213;100005;199.510000000;80;9591018394;B
20240213;100005;199.540000000;20;9591018670;S
20240213;100005;199.650000000;10;9591019123;B
20240213;100005;199.690000000;90;9591019124;B
20240213;100006;199.500000000;200;9591019396;S
20240213;100006;199.500000000;30;9591019601;S
20240213;100006;199.630000000;90;9591020547;B
20240213;100006;199.640000000;390;9591020548;B
20240213;100006;199.640000000;100;9591020618;B
20240213;100007;199.500000000;20;9591020680;S
20240213;100007;199.500000000;50;9591021103;S
20240213;100007;199.490000000;40;9591021460;S
20240213;100008;199.600000000;80;9591021657;B
20240213;100008;199.610000000;100;9591021658;B
20240213;100008;199.610000000;20;9591021659;B
20240213;100008;199.610000000;190;9591021938;B
20240213;100009;199.610000000;100;9591022888;B
20240213;100009;199.600000000;190;9591023018;S
20240213;100010;199.670000000;10;9591023575;B
20240213;100010;199.670000000;20;9591023620;B
20240213;100011;199.670000000;10;9591023915;B
20240213;100011;199.670000000;80;9591024027;B
20240213;100011;199.670000000;20;9591024036;B
20240213;100011;199.670000000;100;9591024179;B
20240213;100012;199.490000000;30;9591024425;S
20240213;100023;199.670000000;980;9591026835;B
20240213;100023;199.670000000;20;9591026841;B
20240213;100023;199.670000000;10;9591026843;S
20240213;100023;199.670000000;970;9591026844;S
20240213;100023;199.670000000;20;9591026936;S
20240213;100039;199.530000000;10;9591030916;S
20240213;100039;199.530000000;10;9591030917;S
20240213;100039;199.530000000;60;9591030918;S
20240213;100040;199.650000000;1000;9591031150;B
20240213;100040;199.660000000;60;9591031151;B
20240213;100040;199.700000000;10;9591031152;B
20240213;100040;199.700000000;930;9591031153;B
20240213;100040;199.530000000;30;9591031161;S
20240213;100041;199.670000000;80;9591031542;S
20240213;100043;199.680000000;100;9591031801;S
20240213;100043;199.690000000;40;9591031806;B
20240213;100044;199.530000000;10;9591032012;S
20240213;100044;199.530000000;10;9591032013;S
20240213;100044;199.480000000;70;9591032014;S
20240213;100044;199.480000000;10;9591032085;S
20240213;100045;199.680000000;40;9591032158;S
20240213;100047;199.690000000;10;9591032465;B
20240213;100047;199.680000000;80;9591032508;S
20240213;100048;199.690000000;200;9591032562;B
20240213;100049;199.530000000;200;9591032757;B
20240213;100049;199.490000000;10;9591032811;S
20240213;100049;199.660000000;10;9591033011;S
20240213;100051;199.690000000;100;9591033302;B
20240213;100051;199.450000000;1510;9591033497;S
20240213;100051;199.450000000;490;9591033498;S
20240213;100052;199.470000000;10;9591033587;S
20240213;100052;199.650000000;20;9591033629;S
20240213;100052;199.650000000;10;9591033630;S
20240213;100053;199.660000000;10;9591033865;B
20240213;100053;199.670000000;10;9591033866;B
20240213;100054;199.470000000;90;9591034030;S
20240213;100054;199.440000000;160;9591034031;S
20240213;100054;199.660000000;70;9591034099;B
20240213;100054;199.670000000;430;9591034100;B
20240213;100104;199.680000000;20;9591035905;B
20240213;100109;199.560000000;340;9591036887;S
20240213;100114;199.670000000;40;9591037438;S
20240213;100114;199.570000000;160;9591037440;S
20240213;100114;199.560000000;150;9591037441;S
20240213;100120;199.650000000;80;9591038304;S
20240213;100120;199.660000000;80;9591038439;B
20240213;100120;199.670000000;160;9591038440;B
20240213;100120;199.690000000;160;9591038441;B
20240213;100121;199.680000000;170;9591038535;S
20240213;100122;199.690000000;10;9591038694;B
20240213;100129;199.690000000;100;9591039660;B
20240213;100132;199.680000000;10;9591040118;S
20240213;100134;199.680000000;20;9591040308;S
20240213;100134;199.680000000;10;9591040332;S
20240213;100140;199.690000000;200;9591041360;B
20240213;100140;199.680000000;60;9591041365;S
20240213;100141;199.690000000;20;9591041403;B
20240213;100148;199.680000000;50;9591043148;S
20240213;100148;199.680000000;20;9591043149;S
20240213;100148;199.680000000;10;9591043150;S
20240213;100148;199.680000000;100;9591043151;S
20240213;100204;199.650000000;160;9591045725;S
20240213;100204;199.600000000;340;9591045726;S
20240213;100204;199.590000000;90;9591045727;S
20240213;100204;199.580000000;180;9591045728;S
20240213;100204;199.570000000;70;9591045729;S
20240213;100206;199.650000000;10;9591045955;B
20240213;100212;199.600000000;50;9591047136;S
20240213;100217;199.620000000;10;9591048131;S
20240213;100220;199.630000000;50;9591048412;B
20240213;100226;199.630000000;10;9591049500;B
20240213;100232;199.630000000;30;9591050239;B
20240213;100232;199.630000000;70;9591050240;B
20240213;100232;199.630000000;20;9591050244;B
20240213;100232;199.630000000;100;9591050252;B
20240213;100232;199.620000000;320;9591050327;S
20240213;100232;199.580000000;140;9591050328;S
20240213;100232;199.570000000;90;9591050329;S
20240213;100232;199.570000000;1000;9591050330;S
20240213;100234;199.500000000;50;9591050917;S
20240213;100236;199.530000000;40;9591051237;B
20240213;100236;199.530000000;30;9591051283;B
20240213;100236;199.530000000;30;9591051321;B
20240213;100239;199.520000000;40;9591051801;B
20240213;100241;199.510000000;10;9591052085;S
20240213;100241;199.520000000;20;9591052106;B
20240213;100242;199.520000000;20;9591052291;B
20240213;100242;199.520000000;100;9591052333;B
20240213;100242;199.510000000;10;9591052400;S
20240213;100244;199.510000000;50;9591052635;S
20240213;100250;199.520000000;100;9591053636;B
20240213;100250;199.520000000;100;9591053643;B
20240213;100255;199.520000000;500;9591054359;B
20240213;100256;199.510000000;10;9591054449;S
20240213;100257;199.520000000;50;9591054540;B
20240213;100300;199.510000000;380;9591055404;S
20240213;100300;199.510000000;620;9591055405;S
20240213;100300;199.510000000;20;9591055582;S
20240213;100306;199.520000000;10;9591058989;B
20240213;100307;199.510000000;650;9591059328;S
20240213;100308;199.510000000;80;9591059916;S
20240213;100311;199.520000000;10;9591060349;B
20240213;100313;199.520000000;70;9591060956;B
20240213;100313;199.520000000;30;9591060957;B
20240213;100313;199.520000000;400;9591060958;B
20240213;100321;199.520000000;20;9591062074;B
20240213;100323;199.510000000;10;9591062403;S
20240213;100324;199.520000000;10;9591062451;B
20240213;100324;199.520000000;70;9591062479;B
20240213;100324;199.520000000;90;9591062480;B
20240213;100326;199.530000000;170;9591063057;B
20240213;100326;199.530000000;10;9591063117;B
20240213;100327;199.530000000;50;9591063163;B
20240213;100327;199.520000000;10;9591063188;S
20240213;100328;199.530000000;140;9591063347;B
20240213;100328;199.520000000;50;9591063397;S
20240213;100328;199.520000000;10;9591063404;S
20240213;100328;199.510000000;90;9591063405;S
20240213;100328;199.520000000;40;9591063440;S
20240213;100328;199.510000000;1030;9591063441;S
20240213;100328;199.510000000;270;9591063442;S
20240213;100335;199.500000000;20;9591064463;S
20240213;100336;199.510000000;50;9591064655;B
20240213;100337;199.510000000;100;9591064758;B
20240213;100340;199.500000000;20;9591065326;S
20240213;100341;199.510000000;140;9591065471;B
20240213;100341;199.510000000;1140;9591065485;B
20240213;100341;199.510000000;360;9591065486;B
20240213;100343;199.500000000;40;9591065725;S
20240213;100344;199.510000000;30;9591065809;B
20240213;100346;199.510000000;20;9591066054;B
20240213;100350;199.500000000;10;9591066511;S
20240213;100350;199.470000000;30;9591066512;S
20240213;100350;199.460000000;90;9591066513;S
20240213;100350;199.450000000;20;9591066514;S
20240213;100350;199.440000000;90;9591066515;S
20240213;100350;199.430000000;70;9591066516;S
20240213;100350;199.430000000;290;9591066517;S
20240213;100350;199.440000000;10;9591066518;S
20240213;100350;199.430000000;20;9591066519;S
20240213;100351;199.510000000;20;9591066592;B
20240213;100355;199.500000000;90;9591067007;S
20240213;100357;199.510000000;20;9591067242;B
20240213;100358;199.500000000;10;9591067417;S
20240213;100400;199.500000000;10;9591067951;S
20240213;100402;199.500000000;90;9591068209;S
20240213;100409;199.490000000;50;9591069537;B
20240213;100414;199.440000000;10;9591070282;S
20240213;100414;199.430000000;40;9591070283;S
20240213;100418;199.430000000;500;9591070873;S
20240213;100423;199.430000000;10;9591071633;S
20240213;100436;199.430000000;140;9591073993;S
20240213;100436;199.430000000;30;9591073994;S
20240213;100436;199.410000000;1000;9591073995;S
20240213;100436;199.410000000;80;9591073996;S
20240213;100444;199.460000000;150;9591075456;B
20240213;100444;199.470000000;90;9591075457;B
20240213;100444;199.480000000;260;9591075458;B
20240213;100447;199.430000000;30;9591076256;S
20240213;100447;199.430000000;4970;9591076257;S
20240213;100447;199.410000000;420;9591076258;S
20240213;100447;199.410000000;400;9591076259;S
20240213;100447;199.390000000;100;9591076306;S
20240213;100450;199.390000000;10;9591076875;B
20240213;100453;199.310000000;10;9591077720;S
20240213;100500;199.310000000;270;9591078922;S
20240213;100500;199.310000000;190;9591078923;S
20240213;100500;199.310000000;530;9591078924;S
20240213;100501;199.290000000;90;9591079169;S
20240213;100502;199.310000000;10;9591079398;B
20240213;100502;199.280000000;20;9591079420;S
20240213;100502;199.280000000;140;9591079421;S
20240213;100502;199.280000000;100;9591079422;S
20240213;100504;199.300000000;170;9591080116;B
20240213;100504;199.310000000;10;9591080117;B
20240213;100504;199.270000000;20;9591080126;S
20240213;100506;199.330000000;200;9591080528;S
20240213;100506;199.340000000;10;9591080599;B
20240213;100510;199.310000000;80;9591081184;B
20240213;100510;199.320000000;120;9591081185;B
20240213;100510;199.330000000;160;9591081186;B
20240213;100510;199.340000000;500;9591081187;B
20240213;100510;199.370000000;10;9591081188;B
20240213;100510;199.400000000;630;9591081189;B
20240213;100511;199.360000000;160;9591081312;S
20240213;100514;199.290000000;180;9591081834;S
20240213;100514;199.280000000;110;9591081835;S
20240213;100514;199.280000000;10;9591081836;S
20240213;100514;199.250000000;10;9591081837;S
20240213;100514;199.250000000;300;9591081838;S
20240213;100514;199.210000000;60;9591081839;S
20240213;100514;199.210000000;300;9591081840;S
20240213;100514;199.200000000;890;9591081841;S
20240213;100514;199.160000000;60;9591081879;S
20240213;100514;199.160000000;50;9591081880;S
20240213;100517;199.150000000;330;9591082508;S
20240213;100522;199.220000000;20;9591083480;S
20240213;100528;199.220000000;190;9591084522;S
20240213;100530;199.150000000;50;9591084897;S
20240213;100530;199.220000000;30;9591084928;B
20240213;100531;199.220000000;70;9591085086;B
20240213;100531;199.240000000;30;9591085087;B
20240213;100531;199.260000000;50;9591085166;B
20240213;100532;199.260000000;10;9591085300;B
20240213;100532;199.260000000;70;9591085322;B
20240213;100532;199.260000000;40;9591085359;B
20240213;100532;199.260000000;30;9591085390;B
20240213;100532;199.290000000;110;9591085495;B
20240213;100532;199.290000000;70;9591085542;B
20240213;100532;199.290000000;1480;9591085607;B
20240213;100532;199.310000000;150;9591085613;B
20240213;100533;199.360000000;500;9591085761;B
20240213;100533;199.420000000;20;9591085841;B
20240213;100533;199.420000000;80;9591085842;B
20240213;100533;199.430000000;10;9591085884;B
20240213;100536;199.430000000;310;9591086333;B
20240213;100536;199.470000000;10;9591086350;S
20240213;100536;199.500000000;60;9591086363;B
20240213;100536;199.500000000;20;9591086364;B
20240213;100536;199.550000000;50;9591086387;B
20240213;100536;199.550000000;100;9591086456;B
20240213;100536;199.610000000;170;9591086529;B
20240213;100536;199.620000000;50;9591086634;B
20240213;100537;199.580000000;500;9591086746;S
20240213;100537;199.580000000;200;9591086747;S
20240213;100537;199.610000000;410;9591086878;S
20240213;100537;199.600000000;270;9591086879;S
20240213;100538;199.650000000;40;9591086919;B
20240213;100538;199.650000000;10;9591087042;B
20240213;100539;199.640000000;220;9591087300;S
20240213;100539;199.630000000;100;9591087301;S
20240213;100539;199.610000000;260;9591087302;S
20240213;100539;199.590000000;500;9591087303;S
20240213;100539;199.570000000;90;9591087304;S
20240213;100539;199.560000000;180;9591087305;S
20240213;100539;199.460000000;210;9591087306;S
20240213;100553;199.540000000;180;9591089133;B
20240213;100553;199.540000000;20;9591089134;B
20240213;100558;199.580000000;90;9591089774;B
20240213;100558;199.580000000;10;9591089775;B
20240213;100603;199.460000000;10;9591090466;S
20240213;100608;199.580000000;40;9591091432;B
20240213;100612;199.460000000;90;9591092104;S
20240213;100612;199.460000000;180;9591092105;S
20240213;100626;199.450000000;80;9591093844;B
20240213;100642;199.450000000;100;9591096392;B
20240213;100642;199.450000000;30;9591096393;B
20240213;100642;199.460000000;150;9591096394;B
20240213;100659;199.460000000;10;9591098473;B
20240213;100700;199.460000000;130;9591098631;B
20240213;100702;199.460000000;20;9591098907;B
20240213;100724;199.460000000;10;9591101286;B
20240213;100729;199.460000000;40;9591101878;B
20240213;100732;199.500000000;10;9591102213;B
20240213;100732;199.550000000;70;9591102214;B
20240213;100737;199.570000000;100;9591102765;B
20240213;100737;199.580000000;150;9591102766;B
20240213;100737;199.590000000;50;9591102767;B
20240213;100737;199.590000000;330;9591102768;B
20240213;100742;199.590000000;100;9591103312;B
20240213;100755;199.590000000;20;9591105048;B
20240213;100813;199.600000000;1000;9591107291;B
20240213;100813;199.600000000;1000;9591107292;B
20240213;100813;199.660000000;20;9591107475;B
20240213;100813;199.660000000;20;9591107476;B
20240213;100813;199.660000000;130;9591107528;B
20240213;100825;199.650000000;100;9591109309;B
20240213;100825;199.660000000;580;9591109310;B
20240213;100832;199.660000000;180;9591110172;B
20240213;100832;199.610000000;10;9591110234;S
20240213;100832;199.660000000;50;9591110253;B
20240213;100834;199.660000000;940;9591110559;B
20240213;100838;199.680000000;10;9591111274;B
20240213;100840;199.680000000;10;9591111425;B
20240213;100842;199.680000000;10;9591111704;B
20240213;100900;199.700000000;60;9591114046;B
20240213;100930;199.680000000;10;9591117501;B
20240213;100940;199.680000000;10;9591118583;B
20240213;100944;199.620000000;300;9591118987;S
20240213;100944;199.600000000;110;9591118988;S
20240213;100944;199.600000000;90;9591118989;S
20240213;100944;199.600000000;130;9591118990;S
20240213;100944;199.590000000;20;9591118991;S
20240213;100944;199.590000000;1950;9591118992;S
20240213;100952;199.590000000;10;9591120176;S
20240213;100954;199.610000000;90;9591120600;B
20240213;100954;199.620000000;50;9591120601;B
20240213;100954;199.670000000;110;9591120602;B
20240213;101001;199.640000000;10;9591121621;B
20240213;101001;199.620000000;50;9591121644;S
20240213;101002;199.620000000;10;9591121754;S
20240213;101005;199.620000000;10;9591122173;S
20240213;101005;199.620000000;10;9591122174;S
20240213;101006;199.640000000;20;9591122387;B
20240213;101008;199.620000000;50;9591122590;S
20240213;101009;199.640000000;20;9591122664;B
20240213;101014;199.680000000;20;9591123443;B
20240213;101017;199.650000000;10;9591123810;B
20240213;101023;199.650000000;20;9591124565;B
20240213;101032;199.650000000;10;9591125739;B
20240213;101033;199.640000000;10;9591125891;S
20240213;101037;199.630000000;230;9591126400;S
20240213;101037;199.620000000;10;9591126401;S
20240213;101051;199.650000000;10;9591128374;B
20240213;101057;199.650000000;50;9591129113;B
20240213;101058;199.650000000;10;9591129249;B
20240213;101058;199.650000000;500;9591129295;B
20240213;101101;199.650000000;200;9591129603;B
20240213;101109;199.650000000;10;9591130578;B
20240213;101114;199.650000000;10;9591131047;B
20240213;101115;199.650000000;10;9591131254;B
20240213;101120;199.650000000;10;9591131764;B
20240213;101122;199.650000000;150;9591132027;B
20240213;101122;199.650000000;110;9591132028;B
20240213;101122;199.650000000;70;9591132029;B
20240213;101122;199.650000000;10;9591132030;B
20240213;101132;199.670000000;20;9591133522;B
20240213;101132;199.680000000;10;9591133523;B
20240213;101133;199.680000000;10;9591133614;B
20240213;101142;199.670000000;10;9591134707;B
20240213;101142;199.630000000;30;9591134756;S
20240213;101142;199.630000000;40;9591134757;S
20240213;101142;199.620000000;30;9591134758;S
20240213;101149;199.670000000;100;9591135599;B
20240213;101158;199.680000000;10;9591136802;B
20240213;101209;199.670000000;100;9591138120;B
20240213;101209;199.670000000;10;9591138121;B
20240213;101214;199.630000000;30;9591138859;S
20240213;101214;199.620000000;120;9591138860;S
20240213;101221;199.680000000;250;9591139888;B
20240213;101234;199.630000000;10;9591141496;S
20240213;101235;199.630000000;30;9591141537;S
20240213;101235;199.620000000;50;9591141538;S
20240213;101235;199.620000000;60;9591141539;S
20240213;101243;199.620000000;20;9591142515;S
20240213;101243;199.620000000;50;9591142516;S
20240213;101245;199.670000000;10;9591142711;B
20240213;101254;199.670000000;30;9591143590;B
20240213;101254;199.670000000;100;9591143591;B
20240213;101254;199.680000000;120;9591143592;B
20240213;101300;199.620000000;10;9591144232;S
20240213;101307;199.670000000;10;9591145136;B
20240213;101325;199.670000000;30;9591147590;B
20240213;101325;199.670000000;90;9591147591;B
20240213;101325;199.680000000;600;9591147592;B
20240213;101325;199.680000000;50;9591147593;B
20240213;101325;199.680000000;30;9591147594;B
20240213;101325;199.700000000;3010;9591147595;B
20240213;101325;199.700000000;50;9591147596;B
20240213;101325;199.700000000;30;9591147597;B
20240213;101325;199.700000000;1000;9591147598;B
20240213;101325;199.700000000;20;9591147599;B
20240213;101325;199.700000000;140;9591147600;B
20240213;101325;199.700000000;30;9591147601;B
20240213;101325;199.700000000;50;9591147668;B
20240213;101325;199.700000000;50;9591147669;B
20240213;101330;199.670000000;10;9591148114;S
20240213;101336;199.620000000;10;9591148901;S
20240213;101343;199.670000000;10;9591149858;B
20240213;101344;199.620000000;10;9591149950;S
20240213;101344;199.620000000;90;9591149951;S
20240213;101344;199.620000000;10;9591149952;S
20240213;101344;199.620000000;100;9591149953;S
20240213;101344;199.600000000;110;9591149954;S
20240213;101344;199.600000000;50;9591149955;S
20240213;101344;199.600000000;90;9591149956;S
20240213;101344;199.590000000;40;9591149957;S
20240213;101344;199.590000000;100;9591149958;S
20240213;101351;199.620000000;50;9591150761;B
20240213;101404;199.620000000;40;9591152522;B
20240213;101404;199.620000000;10;9591152523;B
20240213;101404;199.620000000;10;9591152525;S
20240213;101414;199.620000000;100;9591153693;S
20240213;101417;199.670000000;40;9591154106;B
20240213;101425;199.670000000;20;9591155075;B
20240213;101427;199.670000000;40;9591155255;B
20240213;101427;199.670000000;10;9591155256;B
20240213;101440;199.670000000;10;9591156945;B
20240213;101440;199.690000000;100;9591156946;B
20240213;101440;199.700000000;390;9591156947;B
20240213;101442;199.700000000;20;9591157098;B
20240213;101447;199.670000000;10;9591157632;S
20240213;101451;199.700000000;40;9591158041;B
20240213;101451;199.700000000;10;9591158042;B
20240213;101451;199.700000000;100;9591158043;B
20240213;101451;199.700000000;500;9591158044;B
20240213;101451;199.700000000;350;9591158045;B
20240213;101451;199.670000000;10;9591158085;S
20240213;101456;199.700000000;300;9591158659;B
20240213;101503;199.690000000;10;9591159665;S
20240213;101505;199.690000000;10;9591160097;S
20240213;101508;199.690000000;10;9591160515;S
20240213;101510;199.690000000;20;9591161118;S
20240213;101511;199.690000000;10;9591161308;S
20240213;101512;199.690000000;20;9591161424;S
20240213;101512;199.690000000;10;9591161567;S
20240213;101515;199.690000000;10;9591162090;S
20240213;101517;199.690000000;20;9591162505;S
20240213;101517;199.690000000;10;9591162565;S
20240213;101519;199.690000000;10;9591162779;S
20240213;101521;199.700000000;80;9591163137;B
20240213;101522;199.690000000;20;9591163275;S
20240213;101522;199.690000000;30;9591163297;S
20240213;101524;199.690000000;40;9591163529;S
20240213;101525;199.700000000;10;9591163622;B
20240213;101527;199.690000000;10;9591164105;S
20240213;101531;199.690000000;10;9591164634;S
20240213;101532;199.690000000;250;9591164822;S
20240213;101533;199.680000000;10;9591164978;B
20240213;101533;199.670000000;10;9591164979;S
20240213;101536;199.690000000;250;9591165407;B
20240213;101536;199.690000000;10;9591165408;B
20240213;101536;199.700000000;260;9591165409;B
20240213;101536;199.700000000;100;9591165410;B
20240213;101536;199.700000000;10;9591165411;B
20240213;101536;199.700000000;100;9591165412;B
20240213;101538;199.700000000;10;9591165699;S
20240213;101540;199.700000000;10;9591166024;S
20240213;101540;199.700000000;30;9591166103;S
20240213;101540;199.700000000;20;9591166106;S
20240213;101540;199.720000000;100;9591166121;B
20240213;101540;199.730000000;100;9591166122;B
20240213;101540;199.740000000;220;9591166123;B
20240213;101540;199.750000000;10;9591166124;B
20240213;101540;199.760000000;20;9591166125;B
20240213;101540;199.760000000;340;9591166126;B
20240213;101546;199.750000000;10;9591166906;B
20240213;101547;199.760000000;10;9591167203;B
20240213;101555;199.770000000;50;9591168359;B
20240213;101556;199.760000000;50;9591168561;S
20240213;101557;199.760000000;10;9591168714;S
20240213;101557;199.770000000;10;9591168738;B
20240213;101558;199.760000000;10;9591168892;S
20240213;101600;199.770000000;10;9591169250;B
20240213;101606;199.770000000;30;9591170103;B
20240213;101607;199.770000000;10;9591170321;B
20240213;101612;199.770000000;10;9591171007;S
20240213;101613;199.770000000;10;9591171071;S
20240213;101615;199.800000000;10;9591171339;B
20240213;101615;199.800000000;10;9591171340;B
20240213;101616;199.800000000;10;9591171633;B
20240213;101625;199.800000000;50;9591172761;B
20240213;101625;199.800000000;10;9591172780;B
20240213;101630;199.800000000;10;9591173663;B
20240213;101631;199.800000000;190;9591173739;B
20240213;101631;199.800000000;60;9591173771;B
20240213;101631;199.800000000;10;9591173772;B
20240213;101640;199.810000000;120;9591175148;B
20240213;101640;199.810000000;80;9591175200;B
20240213;101642;199.810000000;500;9591175393;B
20240213;101642;199.810000000;300;9591175394;B
20240213;101642;199.820000000;10;9591175395;B
20240213;101642;199.820000000;100;9591175396;B
20240213;101648;199.830000000;10;9591176297;B
20240213;101648;199.830000000;10;9591176310;B
20240213;101648;199.840000000;10;9591176311;B
20240213;101651;199.810000000;60;9591176872;S
20240213;101652;199.810000000;20;9591177068;S
20240213;101655;199.820000000;10;9591177455;S
20240213;101703;199.820000000;10;9591178821;S
20240213;101710;199.820000000;20;9591179673;S
20240213;101712;199.810000000;10;9591180010;S
20240213;101714;199.820000000;10;9591180212;S
20240213;101718;199.840000000;10;9591180763;B
20240213;101725;199.820000000;10;9591181769;S
20240213;101727;199.820000000;1010;9591181957;B
20240213;101732;199.840000000;10;9591182531;B
20240213;101732;199.840000000;10;9591182532;B
20240213;101734;199.840000000;10;9591182810;B
20240213;101736;199.820000000;30;9591183091;S
20240213;101737;199.840000000;300;9591183146;B
20240213;101739;199.810000000;200;9591183310;S
20240213;101742;199.840000000;500;9591183804;B
20240213;101744;199.820000000;90;9591184080;S
20240213;101744;199.820000000;60;9591184081;B
20240213;101749;199.820000000;10;9591184639;S
20240213;101756;199.820000000;10;9591185559;S
20240213;101756;199.810000000;20;9591185649;S
20240213;101758;199.820000000;30;9591185977;S
20240213;101759;199.810000000;20;9591186129;S
20240213;101802;199.840000000;500;9591186656;B
20240213;101803;199.810000000;20;9591186882;S
20240213;101803;199.840000000;10;9591186991;B
20240213;101805;199.810000000;10;9591187254;S
20240213;101807;199.840000000;50;9591187802;B
20240213;101808;199.810000000;10;9591187962;S
20240213;101809;199.810000000;10;9591188136;S
20240213;101809;199.810000000;10;9591188201;S
20240213;101809;199.840000000;10;9591188222;B
20240213;101810;199.840000000;300;9591188337;B
20240213;101811;199.810000000;10;9591188403;S
20240213;101811;199.840000000;10;9591188471;B
20240213;101811;199.810000000;10;9591188543;S
20240213;101811;199.840000000;20;9591188547;B
20240213;101815;199.840000000;10;9591189089;B
20240213;101816;199.840000000;10;9591189226;B
20240213;101818;199.810000000;10;9591189551;S
20240213;101819;199.840000000;10;9591189590;B
20240213;101819;199.840000000;80;9591189594;B
20240213;101822;199.840000000;10;9591190042;B
20240213;101823;199.810000000;20;9591190155;S
20240213;101824;199.810000000;10;9591190377;S
20240213;101824;199.810000000;10;9591190407;S
20240213;101825;199.840000000;20;9591190557;B
20240213;101827;199.810000000;10;9591190803;S
20240213;101829;199.810000000;10;9591191043;S
20240213;101833;199.810000000;20;9591191642;S
20240213;101834;199.840000000;20;9591191697;B
20240213;101835;199.840000000;10;9591191798;B
20240213;101837;199.840000000;110;9591192028;B
20240213;101837;199.840000000;120;9591192029;B
20240213;101839;199.810000000;10;9591192486;S
20240213;101840;199.840000000;20;9591192615;B
20240213;101846;199.840000000;10;9591193466;B
20240213;101847;199.810000000;10;9591193685;S
20240213;101847;199.840000000;10;9591193718;B
20240213;101847;199.840000000;10;9591193739;B
20240213;101848;199.810000000;10;9591193848;S
20240213;101848;199.840000000;100;9591193932;B
20240213;101855;199.840000000;10;9591195267;B
20240213;101856;199.840000000;10;9591195371;B
20240213;101858;199.840000000;100;9591195562;B
20240213;101905;199.840000000;100;9591197083;B
20240213;101906;199.810000000;10;9591197169;S
20240213;101909;199.810000000;10;9591197854;S
20240213;101912;199.840000000;10;9591198421;B
20240213;101917;199.840000000;500;9591199243;B
20240213;101925;199.850000000;10;9591201082;B
20240213;101925;199.850000000;40;9591201083;B
20240213;101926;199.840000000;10;9591201261;S
20240213;101930;199.840000000;30;9591202172;S
20240213;101932;199.850000000;10;9591202519;B
20240213;101932;199.850000000;100;9591202522;B
20240213;101937;199.840000000;160;9591203733;S
20240213;101937;199.840000000;10;9591203734;S
20240213;101938;199.850000000;100;9591203984;B
20240213;101938;199.840000000;190;9591203993;S
20240213;101938;199.830000000;100;9591203994;S
20240213;101938;199.820000000;10;9591203995;S
20240213;101942;199.840000000;10;9591204695;B
20240213;101943;199.850000000;10;9591204921;B
20240213;101943;199.820000000;100;9591204950;S
20240213;101943;199.820000000;10;9591204951;S
20240213;101951;199.850000000;100;9591206340;B
20240213;101955;199.850000000;10;9591206927;B
20240213;102001;199.850000000;10;9591207725;B
20240213;102004;199.850000000;10;9591208130;B
20240213;102005;199.830000000;10;9591208354;S
20240213;102006;199.850000000;10;9591208581;B
20240213;102013;199.850000000;510;9591212209;B
20240213;102013;199.830000000;10;9591212222;S
20240213;102014;199.850000000;110;9591212422;B
20240213;102014;199.850000000;90;9591212423;B
20240213;102016;199.850000000;40;9591212874;B
20240213;102019;199.830000000;20;9591214323;S
20240213;102022;199.850000000;40;9591215983;B
20240213;102023;199.850000000;10;9591216106;B
20240213;102025;199.850000000;10;9591216531;B
20240213;102027;199.850000000;10;9591216661;B
20240213;102027;199.850000000;90;9591216662;B
20240213;102027;199.850000000;30;9591216747;B
20240213;102027;199.850000000;50;9591216760;B
20240213;102028;199.860000000;60;9591216836;B
20240213;102032;199.830000000;10;9591219929;S
20240213;102037;199.830000000;30;9591220891;S
20240213;102037;199.830000000;1970;9591220892;B
20240213;102037;199.860000000;440;9591220893;B
20240213;102037;199.880000000;10;9591220894;B
20240213;102037;199.880000000;100;9591220895;B
20240213;102037;199.890000000;20;9591220896;B
20240213;102037;199.900000000;10;9591220897;B
20240213;102037;199.900000000;360;9591220898;B
20240213;102037;199.900000000;40;9591220899;B
20240213;102037;199.900000000;100;9591220900;B
20240213;102037;199.920000000;10;9591220901;B
20240213;102037;199.920000000;350;9591220902;B
20240213;102038;199.920000000;50;9591221253;B
20240213;102043;199.920000000;110;9591223986;B
20240213;102045;199.880000000;10;9591225104;S
20240213;102057;199.920000000;10;9591229688;B
20240213;102122;199.920000000;20;9591235443;B
20240213;102123;199.920000000;150;9591238308;B
20240213;102125;199.880000000;40;9591238821;S
20240213;102126;199.920000000;50;9591238869;B
20240213;102129;199.870000000;30;9591239178;S
20240213;102129;199.870000000;30;9591239179;S
20240213;102129;199.870000000;100;9591239180;S
20240213;102129;199.860000000;250;9591239181;S
20240213;102129;199.860000000;90;9591239182;S
20240213;102129;199.850000000;500;9591239183;S
20240213;102129;199.840000000;180;9591239184;S
20240213;102129;199.840000000;20;9591239185;S
20240213;102129;199.830000000;100;9591239186;S
20240213;102141;199.840000000;40;9591243642;S
20240213;102206;199.900000000;90;9591251515;B
20240213;102206;199.900000000;30;9591251516;B
20240213;102206;199.910000000;70;9591251517;B
20240213;102208;199.900000000;10;9591252176;S
20240213;102208;199.840000000;10;9591252177;S
20240213;102210;199.920000000;100;9591252625;B
20240213;102212;199.910000000;10;9591253300;B
20240213;102221;199.910000000;10;9591256321;B
20240213;102244;199.870000000;10;9591263339;S
20240213;102246;199.860000000;10;9591264741;S
20240213;102255;199.910000000;10;9591267198;B
20240213;102255;199.850000000;10;9591267216;S
20240213;102259;199.910000000;10;9591267932;B
20240213;102301;199.920000000;10;9591268995;B
20240213;102302;199.920000000;10;9591269061;B
20240213;102305;199.870000000;10;9591269545;S
20240213;102305;199.870000000;10;9591269560;S
20240213;102305;199.860000000;90;9591269561;S
20240213;102305;199.860000000;50;9591269562;S
20240213;102306;199.920000000;200;9591270211;B
20240213;102310;199.850000000;20;9591271438;S
20240213;102310;199.850000000;20;9591271439;S
20240213;102315;199.910000000;50;9591271931;B
20240213;102315;199.910000000;20;9591271932;B
20240213;102315;199.920000000;30;9591271933;B
20240213;102315;199.850000000;10;9591271935;S
20240213;102315;199.840000000;10;9591271936;S
20240213;102315;199.840000000;10;9591271937;S
20240213;102315;199.840000000;80;9591271938;S
20240213;102319;199.850000000;20;9591273618;S
20240213;102319;199.840000000;20;9591273619;S
20240213;102319;199.830000000;110;9591273620;S
20240213;102328;199.850000000;10;9591275504;B
20240213;102337;199.850000000;30;9591279007;B
20240213;102337;199.860000000;100;9591279098;S
20240213;102337;199.850000000;150;9591279099;S
20240213;102338;199.890000000;10;9591279146;B
20240213;102339;199.900000000;20;9591279284;B
20240213;102339;199.900000000;90;9591279285;B
20240213;102340;199.910000000;20;9591279710;B
20240213;102340;199.910000000;10;9591279841;S
20240213;102340;199.910000000;10;9591279842;S
20240213;102341;199.920000000;450;9591279904;B
20240213;102349;199.860000000;100;9591282394;S
20240213;102349;199.860000000;10;9591282395;S
20240213;102349;199.850000000;30;9591282396;S
20240213;102349;199.850000000;90;9591282397;S
20240213;102349;199.840000000;20;9591282398;S
20240213;102349;199.830000000;50;9591282399;S
20240213;102349;199.910000000;10;9591282799;B
20240213;102351;199.900000000;10;9591282998;B
20240213;102358;199.890000000;90;9591286106;B
20240213;102358;199.900000000;10;9591286107;B
20240213;102401;199.900000000;900;9591287234;S
20240213;102401;199.890000000;100;9591287235;S
20240213;102401;199.850000000;90;9591287236;S
20240213;102401;199.840000000;20;9591287237;S
20240213;102401;199.830000000;890;9591287238;S
20240213;102405;199.830000000;10;9591289289;S
20240213;102415;199.840000000;20;9591292762;B
20240213;102415;199.850000000;100;9591292763;B
20240213;102415;199.860000000;90;9591292764;B
20240213;102415;199.880000000;770;9591292765;B
20240213;102415;199.900000000;30;9591292766;B
20240213;102415;199.900000000;20;9591292767;B
20240213;102415;199.890000000;100;9591292773;S
20240213;102415;199.920000000;10;9591292844;B
20240213;102416;199.910000000;10;9591293195;B
20240213;102421;199.900000000;20;9591294194;S
20240213;102421;199.890000000;30;9591294195;S
20240213;102422;199.920000000;10;9591295181;B
20240213;102422;199.920000000;90;9591295182;B
20240213;102425;199.900000000;10;9591295626;S
20240213;102425;199.900000000;10;9591295627;S
20240213;102425;199.900000000;130;9591295628;B
20240213;102425;199.900000000;850;9591295629;B
20240213;102427;199.910000000;550;9591296398;B
20240213;102427;199.920000000;20;9591296405;B
20240213;102427;199.920000000;100;9591296406;B
20240213;102427;199.920000000;630;9591296407;B
20240213;102431;199.930000000;200;9591297398;B
20240213;102432;199.940000000;10;9591297439;B
20240213;102434;199.940000000;90;9591298128;B
20240213;102434;199.940000000;30;9591298129;B
20240213;102434;199.940000000;500;9591298130;B
20240213;102434;199.940000000;380;9591298131;B
20240213;102434;199.920000000;10;9591298486;S
20240213;102436;199.910000000;70;9591298821;S
20240213;102438;199.940000000;10;9591298977;B
20240213;102440;199.940000000;10;9591299755;B
20240213;102444;199.940000000;10;9591300843;B
20240213;102455;199.910000000;10;9591303458;S
20240213;102455;199.910000000;10;9591303497;S
20240213;102455;199.910000000;130;9591303498;S
20240213;102455;199.900000000;400;9591303499;S
20240213;102455;199.900000000;90;9591303500;S
20240213;102455;199.890000000;17440;9591303501;S
20240213;102507;199.900000000;10;9591307079;S
20240213;102508;199.920000000;20;9591307151;B
20240213;102510;199.920000000;70;9591307862;B
20240213;102510;199.920000000;20;9591307863;B
20240213;102510;199.930000000;130;9591307864;B
20240213;102510;199.940000000;40;9591307865;B
20240213;102511;199.930000000;10;9591308937;B
20240213;102511;199.930000000;40;9591309066;B
20240213;102511;199.940000000;350;9591309067;B
20240213;102511;199.950000000;10;9591309068;B
20240213;102511;199.950000000;30;9591309069;B
20240213;102511;199.950000000;1000;9591309070;B
20240213;102511;199.950000000;130;9591309071;B
20240213;102511;199.960000000;70;9591309072;B
20240213;102511;199.960000000;10;9591309073;B
20240213;102511;199.970000000;150;9591309074;B
20240213;102511;199.970000000;1000;9591309075;B
20240213;102511;199.980000000;10;9591309076;B
20240213;102511;199.980000000;80;9591309077;B
20240213;102511;199.980000000;400;9591309078;B
20240213;102511;199.980000000;10;9591309079;B
20240213;102511;199.990000000;10;9591309080;B
20240213;102511;199.990000000;50;9591309081;B
20240213;102511;199.990000000;200;9591309082;B
20240213;102511;199.990000000;500;9591309083;B
20240213;102511;199.990000000;40;9591309084;B
20240213;102511;199.990000000;850;9591309085;B
20240213;102512;199.940000000;20;9591309136;B
20240213;102514;199.980000000;20;9591309788;B
20240213;102514;199.980000000;80;9591309789;B
20240213;102519;199.970000000;20;9591310497;B
20240213;102519;199.980000000;80;9591310498;B
20240213;102532;199.980000000;10;9591314571;B
20240213;102532;199.980000000;20;9591314572;B
20240213;102544;199.930000000;40;9591318022;S
20240213;102544;199.930000000;20;9591318023;S
20240213;102544;199.920000000;10;9591318024;S
20240213;102545;199.930000000;10;9591318391;S
20240213;102545;199.930000000;110;9591318454;B
20240213;102545;199.980000000;140;9591318455;B
20240213;102549;199.980000000;10;9591319554;B
20240213;102549;199.980000000;10;9591319555;B
20240213;102549;199.980000000;140;9591319556;B
20240213;102549;199.980000000;20;9591319557;B
20240213;102549;199.980000000;10;9591319558;B
20240213;102549;199.990000000;10;9591319559;B
20240213;102549;199.990000000;300;9591319560;B
20240213;102553;199.930000000;20;9591320131;S
20240213;102553;199.930000000;10;9591320132;S
20240213;102553;199.930000000;20;9591320133;S
20240213;102553;199.930000000;10;9591320134;S
20240213;102553;199.930000000;40;9591320135;B
20240213;102600;199.980000000;20;9591322095;B
20240213;102616;199.980000000;20;9591326718;B
20240213;102616;199.980000000;10;9591326719;B
20240213;102616;199.980000000;100;9591326720;B
20240213;102616;199.980000000;10;9591326721;B
20240213;102616;199.980000000;100;9591326722;B
20240213;102617;199.990000000;40;9591326762;B
20240213;102617;199.990000000;20;9591326763;B
20240213;102617;199.990000000;10;9591326764;B
20240213;102617;199.990000000;10;9591326765;B
20240213;102617;199.990000000;10;9591326766;B
20240213;102617;199.990000000;10;9591326767;B
20240213;102617;199.990000000;10;9591326768;B
20240213;102617;199.990000000;20;9591326769;B
20240213;102617;199.990000000;120;9591326770;B
20240213;102618;200.000000000;10;9591327060;B
20240213;102618;200.000000000;10;9591327061;B
20240213;102618;200.000000000;20;9591327062;B
20240213;102618;200.000000000;960;9591327063;B
20240213;102618;200.000000000;60;9591327067;B
20240213;102618;200.000000000;100;9591327068;B
20240213;102618;200.000000000;80;9591327069;B
20240213;102618;200.000000000;100;9591327070;B
20240213;102618;200.000000000;10;9591327071;B
20240213;102618;200.000000000;190;9591327072;B
20240213;102618;200.000000000;250;9591327073;B
20240213;102618;200.000000000;210;9591327074;B
20240213;102618;200.000000000;1000;9591327075;B
20240213;102618;200.000000000;1000;9591327076;B
20240213;102618;200.000000000;5660;9591327077;B
20240213;102618;199.980000000;300;9591327156;S
20240213;102620;200.000000000;10;9591327358;B
20240213;102625;200.000000000;5000;9591329715;B
20240213;102625;200.000000000;820;9591329780;B
20240213;102625;200.000000000;180;9591329781;B
20240213;102625;200.000000000;60;9591329782;B
20240213;102626;200.000000000;40;9591329815;B
20240213;102626;200.000000000;20;9591329816;B
20240213;102626;200.000000000;10;9591329817;B
20240213;102626;200.000000000;930;9591329818;B
20240213;102626;200.000000000;100;9591329825;B
20240213;102626;200.000000000;10;9591329826;B
20240213;102626;200.000000000;100;9591329827;B
20240213;102626;200.000000000;290;9591329828;B
20240213;102626;200.000000000;1000;9591329841;B
20240213;102626;200.000000000;500;9591329847;B
20240213;102626;200.000000000;10;9591329848;B
20240213;102626;200.000000000;1500;9591329864;B
20240213;102626;200.000000000;10;9591329865;B
20240213;102626;200.000000000;20;9591329899;B
20240213;102626;200.000000000;500;9591329903;B
20240213;102626;200.000000000;10;9591329904;B
20240213;102626;200.000000000;20;9591329905;B
20240213;102626;200.000000000;20;9591329906;B
20240213;102626;200.000000000;80;9591329907;B
20240213;102626;200.000000000;10;9591329908;B
20240213;102626;200.000000000;370;9591329909;B
20240213;102626;200.000000000;130;9591329911;B
20240213;102626;200.000000000;20;9591329912;B
20240213;102626;200.000000000;10;9591329913;B
20240213;102626;200.000000000;30;9591329914;B
20240213;102626;200.000000000;10;9591329915;B
20240213;102626;200.000000000;500;9591329916;B
20240213;102626;200.000000000;10;9591329917;B
20240213;102626;200.000000000;300;9591329918;B
20240213;102626;200.000000000;420;9591329919;B
20240213;102626;200.000000000;70;9591329920;B
20240213;102626;200.000000000;10;9591330178;B
20240213;102626;200.000000000;50;9591330179;B
20240213;102626;200.000000000;50;9591330180;B
20240213;102626;200.000000000;40;9591330181;B
20240213;102626;200.000000000;10;9591330182;B
20240213;102626;200.010000000;10;9591330184;B
20240213;102626;200.010000000;40;9591330185;B
20240213;102626;200.010000000;50;9591330211;B
20240213;102626;200.010000000;110;9591330214;B
20240213;102626;200.040000000;50;9591330215;B
20240213;102626;200.050000000;10;9591330216;B
20240213;102626;200.050000000;10;9591330217;B
20240213;102626;200.060000000;20;9591330218;B
20240213;102627;200.070000000;10;9591330245;B
20240213;102627;200.080000000;10;9591330246;B
20240213;102627;200.090000000;60;9591330247;B
20240213;102627;200.100000000;10;9591330248;B
20240213;102627;200.100000000;100;9591330249;B
20240213;102627;200.100000000;10;9591330250;B
20240213;102627;200.100000000;200;9591330251;B
20240213;102627;200.100000000;60;9591330256;B
20240213;102627;200.100000000;10;9591330259;B
20240213;102627;200.100000000;50;9591330271;B
20240213;102627;200.100000000;30;9591330285;B
20240213;102627;200.100000000;80;9591330296;B
20240213;102627;200.100000000;20;9591330312;B
20240213;102627;200.100000000;10;9591330313;B
20240213;102627;200.100000000;10;9591330323;B
20240213;102627;200.100000000;70;9591330324;B
20240213;102627;200.110000000;10;9591330325;B
20240213;102627;200.120000000;10;9591330326;B
20240213;102627;200.140000000;40;9591330327;B
20240213;102627;200.150000000;10;9591330328;B
20240213;102627;200.150000000;860;9591330329;B
20240213;102627;200.160000000;20;9591330333;B
20240213;102627;200.160000000;30;9591330334;B
20240213;102627;200.160000000;30;9591330335;B
20240213;102627;200.160000000;30;9591330337;B
20240213;102627;200.160000000;30;9591330343;B
20240213;102627;200.160000000;10;9591330344;B
20240213;102628;200.080000000;30;9591330365;B
20240213;102628;200.080000000;10;9591330367;B
20240213;102628;200.080000000;260;9591330373;B
20240213;102628;200.080000000;10;9591330392;B
20240213;102628;200.080000000;10;9591330393;B
20240213;102628;200.040000000;60;9591330406;S
20240213;102628;200.040000000;20;9591330407;S
20240213;102628;200.020000000;180;9591330408;S
20240213;102628;200.020000000;90;9591330409;S
20240213;102628;200.020000000;20;9591330410;S
20240213;102628;200.010000000;10;9591330411;S
20240213;102628;200.010000000;270;9591330412;S
20240213;102628;200.080000000;1320;9591330425;B
20240213;102628;200.080000000;200;9591330437;B
20240213;102628;200.080000000;200;9591330456;B
20240213;102629;200.070000000;90;9591330467;B
20240213;102631;200.070000000;10;9591331470;B
20240213;102631;200.070000000;10;9591331896;B
20240213;102632;200.080000000;390;9591332233;B
20240213;102632;200.090000000;180;9591332234;B
20240213;102632;200.100000000;430;9591332235;B
20240213;102633;200.100000000;3070;9591332306;B
20240213;102633;200.120000000;10;9591332307;B
20240213;102633;200.120000000;160;9591332308;B
20240213;102636;200.150000000;70;9591333158;S
20240213;102636;200.130000000;60;9591333159;S
20240213;102651;200.110000000;20;9591337380;B
20240213;102652;200.090000000;10;9591337433;S
20240213;102654;200.070000000;30;9591338133;S
20240213;102654;200.050000000;20;9591338134;S
20240213;102654;200.050000000;30;9591338135;S
20240213;102655;200.050000000;20;9591339132;S
20240213;102657;200.080000000;10;9591339291;B
20240213;102658;200.020000000;20;9591339403;S
20240213;102658;200.010000000;150;9591339404;S
20240213;102658;200.000000000;130;9591339405;S
20240213;102658;200.000000000;1500;9591339411;S
20240213;102659;200.000000000;100;9591339439;S
20240213;102659;200.000000000;110;9591339742;S
20240213;102659;200.000000000;10;9591339743;S
20240213;102659;200.000000000;10;9591339744;S
20240213;102659;200.000000000;10;9591339745;S
20240213;102659;199.980000000;300;9591339746;S
20240213;102659;199.980000000;80;9591339747;S
20240213;102659;199.970000000;180;9591339748;S
20240213;102659;199.960000000;90;9591339749;S
20240213;102659;199.950000000;10;9591339750;S
20240213;102659;199.930000000;10;9591339751;S
20240213;102659;199.910000000;190;9591339752;S
20240213;102700;199.940000000;10;9591339758;S
20240213;102700;199.940000000;1590;9591339791;S
20240213;102700;199.940000000;1110;9591339792;S
20240213;102700;199.930000000;180;9591339797;S
20240213;102700;199.920000000;20;9591339798;S
20240213;102702;200.000000000;40;9591340021;B
20240213;102702;200.000000000;260;9591340022;B
20240213;102707;199.970000000;100;9591342371;B
20240213;102718;199.970000000;30;9591345563;B
20240213;102718;199.970000000;270;9591345564;B
20240213;102719;199.970000000;10;9591345591;S
20240213;102720;199.970000000;290;9591345637;S
20240213;102721;199.980000000;10;9591346450;B
20240213;102723;199.980000000;10;9591347280;B
20240213;102723;199.980000000;70;9591347307;B
20240213;102724;199.980000000;500;9591347390;B
20240213;102724;199.980000000;20;9591347396;B
20240213;102724;200.000000000;10;9591347397;B
20240213;102724;200.000000000;10;9591347398;B
20240213;102724;200.010000000;180;9591347399;B
20240213;102724;200.030000000;10;9591347400;B
20240213;102724;200.050000000;20;9591347401;B
20240213;102727;200.100000000;160;9591347904;B
20240213;102727;200.100000000;180;9591347905;S
20240213;102727;200.120000000;1000;9591347909;B
20240213;102727;200.120000000;20;9591348299;S
20240213;102728;200.130000000;150;9591348309;B
20240213;102728;200.160000000;160;9591348846;B
20240213;102728;200.160000000;60;9591348847;B
20240213;102729;200.170000000;200;9591348878;B
20240213;102729;200.170000000;160;9591348879;B
20240213;102730;200.180000000;20;9591349159;B
20240213;102730;200.180000000;10;9591349160;B
20240213;102730;200.180000000;40;9591349161;B
20240213;102730;200.200000000;10;9591349194;B
20240213;102730;200.200000000;210;9591349210;B
20240213;102730;200.200000000;10;9591349211;B
20240213;102730;200.200000000;780;9591349212;B
20240213;102730;200.200000000;150;9591349243;B
20240213;102731;200.200000000;80;9591349250;B
20240213;102731;200.200000000;1000;9591349251;B
20240213;102731;200.190000000;10;9591349263;S
20240213;102731;200.200000000;10;9591349272;B
20240213;102731;200.200000000;350;9591349302;B
20240213;102732;200.200000000;100;9591349344;B
20240213;102732;200.190000000;10;9591349366;S
20240213;102733;200.190000000;980;9591349630;S
20240213;102733;200.190000000;780;9591349631;S
20240213;102733;200.190000000;800;9591349632;S
20240213;102733;200.190000000;800;9591349633;S
20240213;102733;200.190000000;160;9591349634;S
20240213;102733;200.190000000;10;9591349635;S
20240213;102733;200.130000000;500;9591349636;S
20240213;102733;200.120000000;90;9591349637;S
20240213;102733;200.110000000;180;9591349638;S
20240213;102744;200.080000000;20;9591353192;B
20240213;102747;200.080000000;50;9591354180;B
20240213;102749;200.080000000;10;9591354583;B
20240213;102751;200.060000000;500;9591354807;B
20240213;102755;200.070000000;160;9591356574;B
20240213;102755;200.070000000;10;9591356575;B
20240213;102755;200.080000000;160;9591356576;B
20240213;102755;200.080000000;1000;9591356577;B
20240213;102755;200.090000000;180;9591356578;B
20240213;102755;200.100000000;490;9591356579;B
20240213;102800;200.000000000;10;9591357219;S
20240213;102801;199.990000000;10;9591357244;S
20240213;102801;199.980000000;10;9591357294;S
20240213;102801;199.980000000;10;9591357295;S
20240213;102826;199.990000000;20;9591365281;S
20240213;102831;200.050000000;10;9591366573;B
20240213;102831;200.050000000;10;9591366574;B
20240213;102831;200.060000000;10;9591366575;B
20240213;102831;200.060000000;10;9591366576;B
20240213;102831;200.070000000;160;9591366577;B
20240213;102831;200.080000000;800;9591366578;B
20240213;102906;200.050000000;20;9591376560;S
20240213;102906;200.050000000;80;9591376562;S
20240213;102909;200.050000000;10;9591377441;B
20240213;102912;200.050000000;90;9591378541;B
20240213;102912;200.050000000;70;9591378558;B
20240213;102912;200.060000000;50;9591378559;B
20240213;102912;200.070000000;130;9591378560;B
20240213;102915;200.050000000;10;9591379092;B
20240213;102929;200.050000000;1010;9591383019;S
20240213;102933;200.060000000;40;9591383988;B
20240213;102936;200.060000000;10;9591384198;B
20240213;102938;200.060000000;100;9591384288;B
20240213;102938;200.060000000;10;9591384464;B
20240213;102943;200.060000000;200;9591387479;B
20240213;102954;200.050000000;10;9591390330;S
20240213;102954;200.060000000;10;9591390598;B
20240213;102955;200.060000000;10;9591390648;B
20240213;103002;200.060000000;10;9591392974;B
20240213;103003;200.050000000;50;9591392977;S
20240213;103008;200.060000000;40;9591394686;B
20240213;103010;200.060000000;10;9591395297;B
20240213;103011;200.050000000;1420;9591395322;S
20240213;103011;200.050000000;10;9591395323;S
20240213;103011;200.050000000;20;9591395324;S
20240213;103011;200.040000000;160;9591395325;S
20240213;103011;200.000000000;10;9591395326;S
20240213;103011;200.000000000;10;9591395327;S
20240213;103011;200.000000000;10;9591395328;S
20240213;103011;199.980000000;180;9591395329;S
20240213;103011;199.980000000;1830;9591395330;S
20240213;103015;199.980000000;350;9591396520;S
20240213;103015;199.980000000;10;9591396521;S
20240213;103015;199.980000000;200;9591396522;S
20240213;103015;199.970000000;150;9591396523;S
20240213;103015;199.940000000;90;9591396524;S
20240213;103015;199.930000000;180;9591396525;S
20240213;103015;199.910000000;70;9591396526;S
20240213;103015;199.900000000;150;9591396527;S
20240213;103016;199.900000000;20;9591396565;S
20240213;103016;199.980000000;1000;9591396576;B
20240213;103016;199.980000000;510;9591396577;B
20240213;103016;199.980000000;160;9591396578;B
20240213;103042;200.000000000;30;9591404169;B
20240213;103042;199.990000000;80;9591404173;S
20240213;103043;199.980000000;50;9591404216;S
20240213;103055;200.020000000;10;9591407188;B
20240213;103055;200.040000000;290;9591407189;B
20240213;103056;199.980000000;180;9591407207;S
20240213;103056;199.980000000;50;9591407208;S
20240213;103056;199.980000000;150;9591407209;S
20240213;103056;199.980000000;1460;9591407210;S
20240213;103056;199.980000000;10;9591407211;S
20240213;103056;199.970000000;300;9591407212;B
20240213;103056;199.970000000;100;9591407213;B
20240213;103056;199.970000000;100;9591407214;B
20240213;103056;199.970000000;380;9591407215;B
20240213;103057;200.030000000;180;9591407408;S
20240213;103057;200.030000000;20;9591407409;S
20240213;103058;199.910000000;200;9591407496;S
20240213;103101;199.980000000;20;9591407798;B
20240213;103101;199.980000000;20;9591407813;B
20240213;103102;199.910000000;150;9591407894;S
20240213;103102;199.900000000;80;9591407895;S
20240213;103102;199.900000000;200;9591407896;S
20240213;103102;199.900000000;10;9591407897;S
20240213;103102;199.890000000;70;9591407898;S
20240213;103105;199.950000000;10;9591408153;B
20240213;103109;199.940000000;10;9591408419;B
20240213;103109;199.950000000;30;9591408420;B
20240213;103111;199.900000000;20;9591408646;S
20240213;103111;199.890000000;30;9591408647;S
20240213;103113;199.940000000;20;9591408811;B
20240213;103113;199.950000000;10;9591408812;B
20240213;103114;199.970000000;30;9591408843;B
20240213;103115;199.950000000;250;9591409028;S
20240213;103122;199.970000000;150;9591409659;B
20240213;103122;199.970000000;50;9591409660;B
20240213;103131;199.950000000;90;9591411102;S
20240213;103133;199.980000000;400;9591411290;B
20240213;103135;199.950000000;10;9591411556;S
20240213;103136;199.980000000;60;9591411625;B
20240213;103136;200.020000000;20;9591411626;B
20240213;103136;200.020000000;80;9591411627;B
20240213;103207;199.960000000;20;9591417069;S
20240213;103207;199.960000000;30;9591417070;S
20240213;103210;199.950000000;300;9591417503;S
20240213;103223;199.980000000;10;9591419479;B
20240213;103233;199.980000000;100;9591421532;S
20240213;103233;199.980000000;10;9591421553;S
20240213;103240;200.000000000;10;9591422914;B
20240213;103240;200.020000000;10;9591422915;B
20240213;103242;200.020000000;40;9591423136;B
20240213;103245;200.020000000;20;9591423655;B
20240213;103246;199.980000000;10;9591423886;S
20240213;103250;199.980000000;10;9591424443;S
20240213;103250;200.020000000;10;9591424544;B
20240213;103250;200.020000000;180;9591424546;B
20240213;103259;200.020000000;90;9591425738;B
20240213;103303;200.020000000;40;9591426409;B
20240213;103310;200.020000000;20;9591427699;B
20240213;103312;200.020000000;40;9591427918;B
20240213;103316;200.020000000;100;9591428706;B
20240213;103316;200.020000000;10;9591428707;B
20240213;103316;200.030000000;190;9591428708;B
20240213;103318;200.030000000;30;9591428883;B
20240213;103318;200.030000000;10;9591428946;B
20240213;103325;200.000000000;10;9591429830;S
20240213;103326;200.000000000;10;9591429873;B
20240213;103326;200.000000000;40;9591429943;B
20240213;103330;199.980000000;10;9591430559;S
20240213;103347;200.000000000;10;9591432857;B
20240213;103349;200.000000000;10;9591433062;B
20240213;103350;200.000000000;20;9591433227;B
20240213;103350;200.020000000;140;9591433228;B
20240213;103350;200.030000000;740;9591433229;B
20240213;103350;200.030000000;10;9591433230;B
20240213;103350;200.040000000;590;9591433231;B
20240213;103353;200.040000000;10;9591433593;B
20240213;103355;200.020000000;10;9591433900;B
20240213;103404;200.040000000;10;9591434910;B
20240213;103404;200.040000000;150;9591434911;B
20240213;103407;200.040000000;10;9591435082;B
20240213;103407;200.040000000;100;9591435100;B
20240213;103407;200.040000000;40;9591435202;B
20240213;103407;200.060000000;60;9591435203;B
20240213;103415;200.100000000;10;9591435924;B
20240213;103420;200.050000000;10;9591436387;S
20240213;103420;200.040000000;10;9591436388;S
20240213;103420;200.030000000;30;9591436389;S
20240213;103420;200.020000000;30;9591436390;S
20240213;103420;200.020000000;20;9591436391;S
20240213;103420;200.020000000;100;9591436392;S
20240213;103423;200.090000000;10;9591436804;B
20240213;103423;200.090000000;20;9591436805;B
20240213;103423;200.100000000;70;9591436806;B
20240213;103425;200.100000000;100;9591437140;B
20240213;103427;200.100000000;80;9591437444;B
20240213;103427;200.100000000;10;9591437445;B
20240213;103427;200.100000000;130;9591437446;B
20240213;103427;200.110000000;50;9591437447;B
20240213;103427;200.110000000;160;9591437448;B
20240213;103427;200.130000000;70;9591437449;B
20240213;103435;200.160000000;20;9591438201;B
20240213;103435;200.170000000;80;9591438202;B
20240213;103435;200.180000000;10;9591438208;B
20240213;103435;200.190000000;290;9591438209;B
20240213;103435;200.190000000;20;9591438258;B
20240213;103436;200.190000000;10;9591438383;B
20240213;103441;200.200000000;1530;9591438927;B
20240213;103441;200.200000000;10;9591438928;B
20240213;103441;200.200000000;50;9591438929;B
20240213;103441;200.200000000;700;9591438930;B
20240213;103446;200.140000000;10;9591439417;S
20240213;103454;200.150000000;20;9591440211;S
20240213;103455;200.190000000;10;9591440279;B
20240213;103504;200.200000000;300;9591441282;B
20240213;103504;200.200000000;200;9591441283;B
20240213;103505;200.200000000;100;9591441554;B
20240213;103507;200.200000000;100;9591441776;B
20240213;103511;200.180000000;10;9591442342;B
20240213;103511;200.190000000;10;9591442343;B
20240213;103512;200.200000000;10;9591442457;B
20240213;103515;200.200000000;10;9591442951;B
20240213;103515;200.200000000;100;9591442952;B
20240213;103519;200.200000000;480;9591443368;B
20240213;103519;200.200000000;10;9591443369;B
20240213;103519;200.200000000;20;9591443370;B
20240213;103519;200.200000000;10;9591443371;B
20240213;103519;200.200000000;130;9591443372;B
20240213;103519;200.210000000;10;9591443373;B
20240213;103519;200.240000000;310;9591443374;B
20240213;103519;200.240000000;500;9591443375;B
20240213;103519;200.250000000;10;9591443376;B
20240213;103519;200.250000000;10;9591443377;B
20240213;103519;200.250000000;250;9591443409;S
20240213;103521;200.270000000;10;9591443590;B
20240213;103521;200.280000000;10;9591443591;B
20240213;103521;200.280000000;980;9591443592;B
20240213;103522;200.250000000;40;9591443647;S
20240213;103523;200.280000000;20;9591443722;B
20240213;103523;200.280000000;80;9591443723;B
20240213;103524;200.290000000;10;9591443780;B
20240213;103524;200.290000000;90;9591443781;B
20240213;103524;200.290000000;400;9591443804;B
20240213;103525;200.290000000;40;9591443845;B
20240213;103526;200.290000000;10;9591443933;B
20240213;103528;200.250000000;50;9591444161;S
20240213;103529;200.250000000;10;9591444272;S
20240213;103530;200.290000000;10;9591444358;B
20240213;103532;200.260000000;10;9591444545;S
20240213;103539;200.290000000;450;9591445604;B
20240213;103539;200.300000000;10;9591445605;B
20240213;103539;200.300000000;540;9591445606;B
20240213;103539;200.300000000;850;9591445646;B
20240213;103541;200.300000000;110;9591445903;B
20240213;103541;200.310000000;20;9591445904;B
20240213;103541;200.310000000;1300;9591445905;B
20240213;103541;200.320000000;500;9591445906;B
20240213;103541;200.320000000;10;9591445907;B
20240213;103541;200.320000000;1520;9591445908;B
20240213;103542;200.320000000;10;9591445923;B
20240213;103542;200.310000000;10;9591446053;S
20240213;103544;200.310000000;10;9591446165;S
20240213;103545;200.310000000;310;9591446242;S
20240213;103545;200.300000000;350;9591446243;S
20240213;103545;200.290000000;10;9591446244;S
20240213;103545;200.270000000;330;9591446245;B
20240213;103550;200.280000000;10;9591446889;B
20240213;103551;200.290000000;10;9591446984;B
20240213;103553;200.270000000;50;9591447273;S
20240213;103556;200.300000000;50;9591447589;B
20240213;103556;200.310000000;10;9591447590;B
20240213;103556;200.310000000;100;9591447591;B
20240213;103556;200.320000000;40;9591447592;B
20240213;103556;200.320000000;60;9591447593;B
20240213;103556;200.330000000;10;9591447594;B
20240213;103556;200.340000000;10;9591447595;B
20240213;103556;200.340000000;100;9591447596;B
20240213;103556;200.340000000;20;9591447597;B
20240213;103557;200.340000000;380;9591447667;B
20240213;103557;200.340000000;500;9591447668;B
20240213;103557;200.340000000;120;9591447669;B
20240213;103604;200.340000000;1380;9591448443;B
20240213;103604;200.350000000;10;9591448444;B
20240213;103604;200.350000000;120;9591448445;B
20240213;103604;200.370000000;10;9591448446;B
20240213;103604;200.380000000;10;9591448447;B
20240213;103604;200.380000000;350;9591448448;B
20240213;103604;200.370000000;70;9591448489;B
20240213;103604;200.310000000;10;9591448509;S
20240213;103604;200.300000000;150;9591448510;S
20240213;103610;200.300000000;10;9591449101;B
20240213;103610;200.280000000;10;9591449120;S
20240213;103610;200.280000000;10;9591449121;S
20240213;103610;200.270000000;90;9591449122;S
20240213;103610;200.260000000;90;9591449123;S
20240213;103613;200.280000000;10;9591449454;B
20240213;103614;200.260000000;40;9591449536;S
20240213;103614;200.250000000;10;9591449552;S
20240213;103614;200.250000000;20;9591449553;S
20240213;103616;200.210000000;10;9591449743;B
20240213;103616;200.210000000;90;9591449744;B
20240213;103620;200.210000000;10;9591450057;B
20240213;103620;200.210000000;10;9591450058;B
20240213;103620;200.210000000;10;9591450059;B
20240213;103620;200.220000000;10;9591450060;B
20240213;103620;200.230000000;10;9591450061;B
20240213;103624;200.240000000;10;9591450523;B
20240213;103624;200.250000000;10;9591450524;B
20240213;103624;200.260000000;10;9591450525;B
20240213;103624;200.270000000;120;9591450526;B
20240213;103624;200.280000000;80;9591450527;B
20240213;103624;200.290000000;130;9591450528;B
20240213;103631;200.280000000;10;9591451176;B
20240213;103631;200.290000000;20;9591451177;B
20240213;103631;200.300000000;10;9591451178;B
20240213;103631;200.300000000;460;9591451179;B
20240213;103631;200.270000000;20;9591451195;S
20240213;103632;200.260000000;90;9591451374;S
20240213;103632;200.260000000;1200;9591451375;S
20240213;103632;200.250000000;820;9591451376;S
20240213;103633;200.230000000;10;9591451479;S
20240213;103637;200.250000000;10;9591452013;B
20240213;103641;200.250000000;10;9591452373;B
20240213;103644;200.240000000;100;9591452555;S
20240213;103644;200.240000000;50;9591452556;S
20240213;103644;200.250000000;50;9591452612;B
20240213;103644;200.260000000;50;9591452613;B
20240213;103652;200.230000000;20;9591453315;S
20240213;103655;200.290000000;90;9591453622;B
20240213;103655;200.290000000;120;9591453623;B
20240213;103657;200.300000000;10;9591453831;B
20240213;103659;200.290000000;10;9591453937;S
20240213;103700;200.290000000;10;9591454054;S
20240213;103701;200.290000000;10;9591454175;B
20240213;103711;200.290000000;10;9591455055;B
20240213;103711;200.290000000;390;9591455063;B
20240213;103711;200.290000000;120;9591455064;B
20240213;103711;200.300000000;490;9591455065;B
20240213;103711;200.300000000;10;9591455066;B
20240213;103711;200.310000000;90;9591455067;B
20240213;103711;200.320000000;20;9591455068;B
20240213;103711;200.330000000;380;9591455069;B
20240213;103712;200.240000000;50;9591455175;S
20240213;103727;200.310000000;20;9591456603;B
20240213;103727;200.310000000;100;9591456604;B
20240213;103727;200.320000000;50;9591456605;B
20240213;103727;200.320000000;130;9591456606;B
20240213;103727;200.340000000;10;9591456607;B
20240213;103727;200.340000000;390;9591456608;B
20240213;103727;200.250000000;20;9591456637;S
20240213;103727;200.250000000;80;9591456638;S
20240213;103736;200.240000000;60;9591457320;S
20240213;103741;200.250000000;10;9591457671;S
20240213;103745;200.250000000;10;9591458082;S
20240213;103745;200.250000000;290;9591458083;S
20240213;103749;200.300000000;20;9591458308;B
20240213;103749;200.300000000;50;9591458309;B
20240213;103749;200.310000000;30;9591458310;B
20240213;103753;200.300000000;40;9591458634;B
20240213;103759;200.300000000;100;9591459029;S
20240213;103759;200.300000000;300;9591459098;S
20240213;103800;200.300000000;20;9591459165;S
20240213;103800;200.310000000;10;9591459172;B
20240213;103801;200.310000000;10;9591459177;B
20240213;103801;200.310000000;10;9591459185;B
20240213;103803;200.300000000;130;9591459435;S
20240213;103806;200.310000000;50;9591459700;B
20240213;103806;200.300000000;30;9591459701;S
20240213;103815;200.300000000;1420;9591460374;S
20240213;103823;200.290000000;40;9591461065;B
20240213;103831;200.290000000;100;9591461700;B
20240213;103833;200.290000000;150;9591461863;B
20240213;103839;200.290000000;100;9591462452;B
20240213;103841;200.250000000;10;9591462524;S
20240213;103841;200.250000000;1000;9591462557;S
20240213;103845;200.280000000;140;9591463155;B
20240213;103845;200.300000000;560;9591463156;B
20240213;103847;200.300000000;20;9591463281;B
20240213;103847;200.300000000;10;9591463282;B
20240213;103847;200.310000000;20;9591463284;B
20240213;103847;200.320000000;20;9591463287;B
20240213;103847;200.320000000;30;9591463290;B
20240213;103847;200.320000000;10;9591463292;B
20240213;103847;200.320000000;10;9591463296;B
20240213;103847;200.320000000;10;9591463298;B
20240213;103847;200.320000000;10;9591463311;B
20240213;103847;200.320000000;10;9591463317;B
20240213;103847;200.330000000;10;9591463327;B
20240213;103848;200.290000000;10;9591463378;S
20240213;103848;200.270000000;140;9591463379;S
20240213;103853;200.330000000;90;9591464010;B
20240213;103853;200.330000000;10;9591464011;B
20240213;103854;200.340000000;10;9591464078;B
20240213;103857;200.300000000;10;9591464236;S
20240213;103900;200.300000000;40;9591464430;S
20240213;103900;200.290000000;10;9591464431;S
20240213;103902;200.270000000;10;9591464609;S
20240213;103908;200.330000000;50;9591465232;B
20240213;103909;200.300000000;10;9591465440;B
20240213;103909;200.340000000;10;9591465441;B
20240213;103916;200.330000000;140;9591465883;B
20240213;103916;200.340000000;190;9591465884;B
20240213;103916;200.340000000;100;9591465885;B
20240213;103916;200.340000000;10;9591465886;B
20240213;103916;200.340000000;60;9591465887;B
20240213;103916;200.350000000;100;9591465888;B
20240213;103916;200.360000000;1060;9591465889;B
20240213;103918;200.360000000;1000;9591466050;S
20240213;103919;200.370000000;10;9591466077;B
20240213;103921;200.370000000;100;9591466225;B
20240213;103921;200.360000000;100;9591466269;S
20240213;103922;200.360000000;50;9591466321;S
20240213;103924;200.360000000;3090;9591466428;S
20240213;103928;200.370000000;90;9591466853;B
20240213;103935;200.360000000;10;9591467483;S
20240213;103937;200.360000000;350;9591467586;S
20240213;103939;200.370000000;60;9591467723;B
20240213;103939;200.370000000;10;9591467773;B
20240213;103941;200.370000000;110;9591467914;B
20240213;103942;200.370000000;10;9591468086;B
20240213;103944;200.360000000;10;9591468229;S
20240213;103947;200.360000000;500;9591468418;S
20240213;103948;200.360000000;50;9591468543;S
20240213;103952;200.370000000;980;9591468871;B
20240213;103952;200.370000000;50;9591468872;B
20240213;103952;200.370000000;10;9591468873;B
20240213;103952;200.370000000;1510;9591468874;B
20240213;103952;200.370000000;450;9591468875;B
20240213;103955;200.370000000;120;9591469155;B
20240213;103957;200.370000000;20;9591469404;S
20240213;104000;200.370000000;10;9591469590;S
20240213;104001;200.370000000;10;9591469671;S
20240213;104001;200.370000000;10;9591469700;S
20240213;104016;200.370000000;10;9591471213;S
20240213;104016;200.370000000;10;9591471270;S
20240213;104017;200.370000000;10;9591471370;S
20240213;104019;200.370000000;10;9591471648;S
20240213;104021;200.370000000;10;9591471941;B
20240213;104027;200.370000000;30;9591472383;B
20240213;104028;200.380000000;30;9591472446;B
20240213;104028;200.370000000;30;9591472460;S
20240213;104032;200.370000000;300;9591472830;S
20240213;104032;200.380000000;10;9591472836;B
20240213;104036;200.380000000;100;9591473180;B
20240213;104050;200.380000000;10;9591474621;S
20240213;104052;200.390000000;10;9591474734;B
20240213;104052;200.390000000;50;9591474777;B
20240213;104053;200.390000000;10;9591474796;B
20240213;104053;200.380000000;40;9591474797;S
20240213;104053;200.380000000;10;9591474798;S
20240213;104109;200.380000000;10;9591476503;S
20240213;104109;200.370000000;480;9591476504;S
20240213;104110;200.370000000;20;9591476537;S
20240213;104111;200.380000000;10;9591476643;B
20240213;104114;200.370000000;810;9591476958;S
20240213;104114;200.370000000;100;9591476959;S
20240213;104114;200.370000000;170;9591476960;S
20240213;104115;200.360000000;50;9591477032;S
20240213;104116;200.360000000;30;9591477165;S
20240213;104118;200.360000000;8070;9591477289;S
20240213;104118;200.360000000;50;9591477290;S
20240213;104118;200.360000000;60;9591477291;S
20240213;104118;200.360000000;30;9591477292;S
20240213;104118;200.360000000;10;9591477293;S
20240213;104118;200.360000000;10;9591477294;S
20240213;104118;200.350000000;170;9591477295;S
20240213;104118;200.340000000;460;9591477296;S
20240213;104118;200.320000000;50;9591477297;S
20240213;104118;200.310000000;180;9591477298;S
20240213;104118;200.260000000;50;9591477299;S
20240213;104118;200.250000000;10;9591477300;S
20240213;104118;200.250000000;10;9591477301;S
20240213;104118;200.240000000;50;9591477302;S
20240213;104118;200.240000000;990;9591477303;S
20240213;104118;200.230000000;50;9591477304;S
20240213;104118;200.220000000;50;9591477305;S
20240213;104118;200.220000000;500;9591477306;S
20240213;104118;200.210000000;50;9591477307;S
20240213;104118;200.200000000;30;9591477308;S
20240213;104118;200.170000000;200;9591477309;S
20240213;104118;200.170000000;1490;9591477310;S
20240213;104118;200.160000000;280;9591477311;S
20240213;104118;200.160000000;5000;9591477312;S
20240213;104118;200.160000000;10;9591477313;S
20240213;104118;200.100000000;30;9591477314;S
20240213;104118;200.090000000;280;9591477315;S
20240213;104118;200.070000000;60;9591477316;S
20240213;104118;200.070000000;50;9591477317;S
20240213;104118;200.070000000;220;9591477318;S
20240213;104118;200.070000000;40;9591477319;S
20240213;104118;200.060000000;510;9591477320;S
20240213;104118;200.050000000;50;9591477321;S
20240213;104118;200.050000000;900;9591477322;S
20240213;104118;200.040000000;10;9591477323;S
20240213;104118;200.040000000;100;9591477324;S
20240213;104118;200.020000000;10;9591477325;S
20240213;104118;200.020000000;380;9591477326;S
20240213;104118;200.010000000;40;9591477327;S
20240213;104118;200.010000000;50;9591477328;S
20240213;104118;200.010000000;30;9591477329;S
20240213;104118;200.010000000;750;9591477330;S
20240213;104118;200.000000000;10;9591477331;S
20240213;104118;200.000000000;20;9591477332;S
20240213;104118;200.000000000;100;9591477333;S
20240213;104118;200.000000000;3860;9591477334;S
20240213;104118;200.000000000;50;9591477335;S
20240213;104118;200.000000000;11940;9591477336;S
20240213;104118;200.000000000;10;9591477337;S
20240213;104118;200.000000000;10;9591477338;S
20240213;104118;199.990000000;30;9591477339;S
20240213;104118;199.990000000;360;9591477340;S
20240213;104118;199.990000000;5000;9591477341;S
20240213;104118;199.980000000;40;9591477342;S
20240213;104118;199.980000000;10;9591477343;S
20240213;104118;199.970000000;10;9591477344;S
20240213;104118;199.970000000;20;9591477345;S
20240213;104118;199.960000000;200;9591477346;S
20240213;104118;199.960000000;40;9591477347;S
20240213;104118;199.960000000;5000;9591477348;S
20240213;104118;199.950000000;820;9591477349;S
20240213;104118;199.950000000;100;9591477350;S
20240213;104118;200.050000000;50;9591477353;S
20240213;104118;200.060000000;20;9591477364;S
20240213;104118;200.020000000;120;9591477365;S
20240213;104118;200.010000000;20;9591477369;S
20240213;104118;199.970000000;60;9591477370;S
20240213;104118;199.960000000;250;9591477379;S
20240213;104118;199.950000000;130;9591477384;S
20240213;104118;199.940000000;100;9591477385;S
20240213;104118;199.940000000;170;9591477386;S
20240213;104118;199.930000000;160;9591477387;S
20240213;104118;199.930000000;330;9591477388;S
20240213;104118;199.930000000;180;9591477389;S
20240213;104118;199.910000000;430;9591477390;S
20240213;104118;199.900000000;10;9591477391;S
20240213;104118;199.900000000;490;9591477392;S
20240213;104119;199.910000000;20;9591477424;S
20240213;104119;199.910000000;60;9591477428;S
20240213;104119;199.900000000;40;9591477429;S
20240213;104123;199.930000000;10;9591477728;B
20240213;104123;199.930000000;90;9591477738;S
20240213;104123;199.920000000;20;9591477739;S
20240213;104123;199.900000000;10;9591477740;S
20240213;104140;199.960000000;10;9591479023;B
20240213;104145;199.970000000;10;9591479403;B
20240213;104147;199.970000000;100;9591479526;B
20240213;104153;199.940000000;70;9591479978;S
20240213;104154;199.940000000;130;9591480113;S
20240213;104154;199.930000000;20;9591480114;S
20240213;104154;199.920000000;50;9591480115;S
20240213;104157;199.940000000;10;9591480442;B
20240213;104159;199.930000000;10;9591480579;S
20240213;104201;199.930000000;10;9591480673;B
20240213;104201;199.940000000;300;9591480674;B
20240213;104201;199.950000000;10;9591480675;B
20240213;104201;199.960000000;10;9591480676;B
20240213;104201;199.960000000;10;9591480677;B
20240213;104201;199.960000000;10;9591480678;B
20240213;104201;199.970000000;10;9591480679;B
20240213;104201;199.970000000;90;9591480680;S
20240213;104201;199.970000000;30;9591480681;S
20240213;104204;200.000000000;20;9591480991;B
20240213;104204;200.000000000;80;9591480992;B
20240213;104207;199.980000000;10;9591481172;S
20240213;104207;199.990000000;10;9591481234;B
20240213;104214;199.970000000;10;9591481906;S
20240213;104218;199.970000000;30;9591482266;S
20240213;104224;199.970000000;10;9591482685;S
20240213;104228;199.990000000;30;9591483040;B
20240213;104228;200.010000000;20;9591483041;B
20240213;104239;200.000000000;10;9591483630;B
20240213;104247;199.980000000;20;9591484356;S
20240213;104258;200.000000000;10;9591485050;B
20240213;104258;200.000000000;20;9591485098;B
20240213;104302;200.000000000;60;9591485335;B
20240213;104303;199.980000000;50;9591485460;B
20240213;104306;199.990000000;60;9591485613;S
20240213;104306;199.980000000;210;9591485614;S
20240213;104306;199.970000000;180;9591485615;S
20240213;104307;199.980000000;10;9591485669;S
20240213;104310;199.970000000;290;9591485879;S
20240213;104310;199.970000000;710;9591485880;S
20240213;104315;200.000000000;310;9591486147;B
20240213;104315;200.000000000;690;9591486148;B
20240213;104336;200.000000000;90;9591487587;B
20240213;104340;200.000000000;10;9591487874;B
20240213;104349;199.980000000;100;9591488517;S
20240213;104349;199.980000000;20;9591488518;S
20240213;104349;199.970000000;130;9591488519;S
20240213;104352;200.000000000;250;9591489014;B
20240213;104354;199.990000000;10;9591489071;B
20240213;104359;199.980000000;10;9591489407;B
20240213;104400;199.970000000;170;9591489474;S
20240213;104400;200.000000000;10;9591489509;B
20240213;104402;199.970000000;20;9591489663;S
20240213;104408;199.970000000;5000;9591490029;S
20240213;104410;199.970000000;20;9591490168;S
20240213;104414;199.970000000;500;9591490408;S
20240213;104419;199.970000000;70;9591490708;S
20240213;104423;199.980000000;10;9591491215;B
20240213;104423;199.980000000;10;9591491216;B
20240213;104423;199.980000000;20;9591491217;B
20240213;104433;199.980000000;50;9591491843;B
20240213;104433;199.980000000;10;9591491844;B
20240213;104433;200.000000000;50;9591491916;B
20240213;104435;199.970000000;30;9591492032;S
20240213;104444;199.970000000;320;9591492623;S
20240213;104451;199.980000000;10;9591493162;B
20240213;104457;199.980000000;10;9591493425;B
20240213;104501;199.970000000;60;9591493768;S
20240213;104504;199.980000000;10;9591493989;B
20240213;104505;199.980000000;20;9591494047;B
20240213;104505;199.980000000;80;9591494048;B
20240213;104507;199.980000000;10;9591494141;B
20240213;104509;199.980000000;50;9591494227;B
20240213;104511;199.980000000;210;9591494437;B
20240213;104511;199.980000000;790;9591494438;B
20240213;104512;199.980000000;10;9591494444;B
20240213;104512;199.970000000;1970;9591494472;S
20240213;104512;199.970000000;100;9591494473;S
20240213;104512;199.970000000;50;9591494474;S
20240213;104516;199.920000000;10;9591494733;B
20240213;104525;199.910000000;10;9591495386;S
20240213;104525;199.910000000;20;9591495387;S
20240213;104543;199.910000000;10;9591496798;S
20240213;104543;199.910000000;490;9591496799;S
20240213;104544;199.960000000;30;9591496873;B
20240213;104553;199.960000000;10;9591497591;B
20240213;104553;199.960000000;30;9591497592;B
20240213;104559;199.920000000;10;9591497902;S
20240213;104559;199.910000000;10;9591497903;S
20240213;104608;199.930000000;10;9591499030;B
20240213;104610;199.910000000;100;9591499136;S
20240213;104610;199.910000000;50;9591499137;S
20240213;104610;199.910000000;10;9591499138;S
20240213;104610;199.910000000;1400;9591499139;S
20240213;104611;199.930000000;10;9591499370;B
20240213;104614;199.930000000;10;9591499572;B
20240213;104616;199.910000000;60;9591499939;S
20240213;104616;199.910000000;30;9591499940;S
20240213;104616;199.910000000;20;9591499941;S
20240213;104617;199.910000000;20;9591500080;B
20240213;104619;199.900000000;10;9591500271;S
20240213;104620;199.900000000;10;9591500408;S
20240213;104620;199.910000000;10;9591500410;B
20240213;104621;199.900000000;10;9591500428;S
20240213;104623;199.900000000;130;9591500703;S
20240213;104628;199.900000000;400;9591501256;S
20240213;104629;199.910000000;10;9591501297;S
20240213;104629;199.900000000;10;9591501298;S
20240213;104630;199.900000000;10;9591501341;S
20240213;104630;199.900000000;20;9591501367;S
20240213;104637;199.920000000;90;9591501908;S
20240213;104640;199.930000000;40;9591502087;B
20240213;104641;199.920000000;10;9591502144;S
20240213;104646;199.920000000;10;9591502631;S
20240213;104648;199.920000000;80;9591502944;S
20240213;104648;199.910000000;10;9591502945;S
20240213;104648;199.910000000;120;9591502946;S
20240213;104648;199.900000000;1040;9591502947;S
20240213;104701;199.930000000;10;9591503864;B
20240213;104702;199.930000000;20;9591503931;B
20240213;104702;199.950000000;230;9591503932;B
20240213;104702;199.960000000;10;9591503933;B
20240213;104702;199.960000000;930;9591503934;B
20240213;104702;199.970000000;2880;9591503935;B
20240213;104702;199.980000000;200;9591503936;B
20240213;104702;199.980000000;180;9591503937;B
20240213;104702;199.990000000;200;9591503938;B
20240213;104702;199.990000000;50;9591503939;B
20240213;104702;199.990000000;750;9591503940;B
20240213;104702;200.000000000;90;9591503941;B
20240213;104702;200.000000000;10;9591503942;B
20240213;104702;200.000000000;200;9591503943;B
20240213;104702;200.000000000;10;9591503944;B
20240213;104702;200.000000000;10;9591503945;B
20240213;104702;200.000000000;4230;9591503946;B
20240213;104714;199.920000000;20;9591504704;S
20240213;104714;199.920000000;100;9591504705;S
20240213;104731;199.980000000;10;9591506324;B
20240213;104739;199.920000000;20;9591507221;S
20240213;104745;199.980000000;10;9591507562;B
20240213;104745;199.980000000;10;9591507563;B
20240213;104756;199.980000000;10;9591508236;B
20240213;104757;199.980000000;10;9591508321;B
20240213;104813;199.940000000;140;9591509684;S
20240213;104813;199.930000000;290;9591509685;S
20240213;104824;199.930000000;40;9591510574;S
20240213;104826;199.980000000;70;9591510651;B
20240213;104833;199.980000000;60;9591511071;S
20240213;104834;199.980000000;60;9591511149;S
20240213;104836;199.980000000;310;9591511371;S
20240213;104836;199.960000000;40;9591511372;S
20240213;104836;199.930000000;40;9591511373;S
20240213;104836;199.920000000;100;9591511374;S
20240213;104836;199.920000000;20;9591511375;S
20240213;104836;199.920000000;300;9591511376;S
20240213;104836;199.920000000;180;9591511377;S
20240213;104836;199.910000000;970;9591511378;S
20240213;104836;199.900000000;1500;9591511379;S
20240213;104844;199.960000000;10;9591511866;B
20240213;104919;199.960000000;20;9591514129;B
20240213;104920;199.960000000;100;9591514215;B
20240213;104939;199.960000000;20;9591515480;B
20240213;105010;199.960000000;40;9591517331;B
20240213;105017;199.950000000;10;9591517728;S
20240213;105017;199.940000000;10;9591517729;S
20240213;105017;199.930000000;30;9591517730;S
20240213;105017;199.930000000;20;9591517731;S
20240213;105026;199.960000000;10;9591518165;B
20240213;105036;199.920000000;20;9591518753;S
20240213;105043;199.960000000;120;9591519068;B
20240213;105053;199.960000000;180;9591519684;B
20240213;105053;199.960000000;10;9591519685;B
20240213;105053;199.980000000;10;9591519686;B
20240213;105053;199.980000000;430;9591519687;B
20240213;105124;199.980000000;20;9591521816;B
20240213;105125;199.980000000;50;9591521890;B
20240213;105125;199.990000000;10;9591521893;B
20240213;105125;199.990000000;50;9591521894;B
20240213;105125;200.000000000;740;9591521895;B
20240213;105125;200.000000000;1000;9591521896;B
20240213;105125;200.000000000;1000;9591521897;B
20240213;105125;200.000000000;1000;9591521898;B
20240213;105125;200.000000000;250;9591521899;B
20240213;105125;200.000000000;1000;9591521900;B
20240213;105125;200.000000000;780;9591521901;B
20240213;105125;200.000000000;20;9591521902;B
20240213;105125;200.000000000;180;9591521903;B
20240213;105125;200.000000000;50;9591521904;B
20240213;105125;200.000000000;10;9591521905;B
20240213;105125;200.000000000;110;9591521906;B
20240213;105125;200.000000000;10;9591521907;B
20240213;105125;200.020000000;60;9591521908;B
20240213;105125;200.020000000;10;9591521909;B
20240213;105125;200.020000000;800;9591521910;B
20240213;105125;200.020000000;200;9591521911;B
20240213;105125;200.020000000;600;9591521912;B
20240213;105126;200.010000000;80;9591521991;S
20240213;105126;200.010000000;200;9591521995;S
20240213;105127;200.020000000;620;9591522044;B
20240213;105127;200.020000000;20;9591522053;B
20240213;105128;200.020000000;10;9591522090;B
20240213;105128;200.020000000;50;9591522114;S
20240213;105129;200.010000000;20;9591522168;S
20240213;105138;200.020000000;10;9591522868;B
20240213;105139;200.010000000;20;9591522897;S
20240213;105140;200.010000000;680;9591522950;S
20240213;105140;200.010000000;10;9591522951;S
20240213;105140;200.010000000;220;9591522952;S
20240213;105144;200.000000000;10;9591523234;S
20240213;105150;200.010000000;10;9591523621;B
20240213;105152;200.000000000;10;9591523806;S
20240213;105152;200.010000000;20;9591523808;B
20240213;105157;200.010000000;20;9591524429;B
20240213;105209;200.000000000;20;9591525305;S
20240213;105214;200.010000000;250;9591525756;B
20240213;105218;200.010000000;20;9591526062;B
20240213;105227;200.010000000;200;9591526736;B
20240213;105228;200.010000000;10;9591526843;B
20240213;105229;200.010000000;10;9591526869;B
20240213;105229;200.010000000;10;9591526944;B
20240213;105230;200.010000000;10;9591526960;B
20240213;105231;200.000000000;200;9591527017;S
20240213;105231;200.010000000;10;9591527047;B
20240213;105231;200.010000000;10;9591527106;B
20240213;105232;200.010000000;20;9591527128;B
20240213;105235;200.000000000;10;9591527332;S
20240213;105237;200.010000000;10;9591527459;B
20240213;105244;200.010000000;150;9591528328;B
20240213;105248;200.010000000;20;9591528563;B
20240213;105250;200.000000000;130;9591528739;S
20240213;105251;200.010000000;90;9591528808;B
20240213;105252;200.010000000;10;9591528923;B
20240213;105252;200.010000000;210;9591528924;B
20240213;105252;200.010000000;30;9591528925;B
20240213;105252;200.010000000;20;9591528926;B
20240213;105252;200.020000000;200;9591528927;B
20240213;105259;200.020000000;10;9591529394;B
20240213;105259;200.020000000;10;9591529398;B
20240213;105300;200.020000000;10;9591529457;B
20240213;105300;200.020000000;10;9591529470;B
20240213;105301;200.020000000;10;9591529480;B
20240213;105302;200.020000000;10;9591529738;B
20240213;105302;200.020000000;10;9591529757;B
20240213;105312;200.000000000;10;9591530752;S
20240213;105317;200.000000000;200;9591531096;S
20240213;105327;200.020000000;30;9591531926;B
20240213;105328;200.010000000;80;9591531993;S
20240213;105328;200.010000000;10;9591531994;S
20240213;105331;200.020000000;100;9591532178;B
20240213;105331;200.020000000;130;9591532179;B
20240213;105331;200.020000000;2620;9591532180;B
20240213;105331;200.020000000;300;9591532181;B
20240213;105331;200.030000000;60;9591532182;B
20240213;105331;200.030000000;200;9591532183;B
20240213;105331;200.040000000;220;9591532184;B
20240213;105331;200.050000000;200;9591532185;B
20240213;105331;200.050000000;3000;9591532186;B
20240213;105331;200.050000000;70;9591532187;B
20240213;105331;200.060000000;10;9591532188;B
20240213;105331;200.080000000;10;9591532189;B
20240213;105331;200.100000000;160;9591532190;B
20240213;105331;200.100000000;2000;9591532191;B
20240213;105331;200.100000000;1000;9591532192;B
20240213;105331;200.110000000;200;9591532193;B
20240213;105331;200.110000000;300;9591532194;B
20240213;105331;200.120000000;200;9591532195;B
20240213;105331;200.150000000;1300;9591532196;B
20240213;105331;200.170000000;1820;9591532197;B
20240213;105331;200.180000000;10;9591532198;B
20240213;105331;200.190000000;80;9591532199;B
20240213;105331;200.200000000;2000;9591532200;B
20240213;105331;200.200000000;30;9591532201;B
20240213;105331;200.210000000;500;9591532202;B
20240213;105331;200.250000000;1820;9591532203;B
20240213;105331;200.260000000;990;9591532204;B
20240213;105331;200.270000000;30;9591532205;B
20240213;105331;200.270000000;950;9591532206;B
20240213;105331;200.280000000;4000;9591532207;B
20240213;105331;200.290000000;100;9591532208;B
20240213;105331;200.300000000;50;9591532209;B
20240213;105331;200.300000000;400;9591532210;B
20240213;105331;200.330000000;200;9591532211;B
20240213;105331;200.330000000;250;9591532212;B
20240213;105331;200.340000000;5000;9591532213;B
20240213;105331;200.370000000;5000;9591532214;B
20240213;105331;200.370000000;220;9591532215;B
20240213;105331;200.380000000;1500;9591532216;B
20240213;105331;200.390000000;930;9591532217;B
20240213;105331;200.390000000;40;9591532218;B
20240213;105331;200.390000000;100;9591532219;B
20240213;105331;200.390000000;20;9591532220;B
20240213;105331;200.390000000;10;9591532221;B
20240213;105331;200.400000000;260;9591532222;B
20240213;105331;200.400000000;10;9591532223;B
20240213;105331;200.400000000;50;9591532224;B
20240213;105331;200.400000000;500;9591532225;B
20240213;105331;200.400000000;450;9591532226;B
20240213;105331;200.400000000;10;9591532227;B
20240213;105331;200.400000000;10;9591532228;B
20240213;105331;200.420000000;300;9591532229;B
20240213;105331;200.420000000;5000;9591532230;B
20240213;105331;200.440000000;1510;9591532231;B
20240213;105331;200.450000000;10;9591532232;B
20240213;105331;200.450000000;50;9591532233;B
20240213;105331;200.450000000;5000;9591532234;B
20240213;105331;200.470000000;200;9591532235;B
20240213;105331;200.470000000;5000;9591532236;B
20240213;105331;200.480000000;250;9591532237;B
20240213;105331;200.480000000;10;9591532238;B
20240213;105331;200.480000000;5000;9591532239;B
20240213;105331;200.480000000;250;9591532240;B
20240213;105331;200.460000000;250;9591532241;S
20240213;105331;200.420000000;180;9591532242;B
20240213;105331;200.430000000;90;9591532243;B
20240213;105331;200.460000000;530;9591532244;B
20240213;105331;200.470000000;40;9591532265;B
20240213;105331;200.470000000;110;9591532272;B
20240213;105331;200.430000000;60;9591532291;S
20240213;105331;200.470000000;10;9591532292;B
20240213;105332;200.470000000;50;9591532317;B
20240213;105340;200.430000000;10;9591532983;S
20240213;105340;200.430000000;10;9591532984;S
20240213;105344;200.430000000;50;9591533265;S
20240213;105347;200.440000000;10;9591533488;B
20240213;105347;200.440000000;10;9591533522;B
20240213;105347;200.450000000;20;9591533523;B
20240213;105351;200.440000000;10;9591533825;S
20240213;105352;200.450000000;20;9591533861;B
20240213;105352;200.450000000;20;9591533862;B
20240213;105352;200.450000000;20;9591533863;B
20240213;105355;200.460000000;10;9591534175;B
20240213;105355;200.470000000;20;9591534176;B
20240213;105356;200.470000000;30;9591534205;B
20240213;105356;200.470000000;20;9591534206;B
20240213;105357;200.460000000;620;9591534304;S
20240213;105401;200.460000000;50;9591534534;S
20240213;105406;200.470000000;10;9591534856;B
20240213;105406;200.460000000;20;9591534860;S
20240213;105409;200.460000000;20;9591535065;S
20240213;105410;200.470000000;100;9591535095;B
20240213;105410;200.470000000;20;9591535175;B
20240213;105411;200.470000000;200;9591535195;B
20240213;105414;200.470000000;100;9591535549;B
20240213;105418;200.460000000;10;9591535854;S
20240213;105423;200.470000000;200;9591536251;B
20240213;105428;200.460000000;100;9591536536;S
20240213;105430;200.470000000;370;9591536658;B
20240213;105430;200.470000000;30;9591536659;B
20240213;105430;200.470000000;70;9591536678;B
20240213;105430;200.470000000;10;9591536679;B
20240213;105430;200.470000000;20;9591536680;B
20240213;105442;200.470000000;30;9591537780;B
20240213;105447;200.460000000;10;9591538148;S
20240213;105450;200.470000000;10;9591538294;B
20240213;105454;200.460000000;890;9591538639;S
20240213;105454;200.460000000;10;9591538640;S
20240213;105454;200.460000000;10;9591538641;S
20240213;105454;200.460000000;20;9591538642;S
20240213;105454;200.460000000;10;9591538643;S
20240213;105459;200.450000000;150;9591539269;S
20240213;105504;200.450000000;4690;9591539566;S
20240213;105504;200.460000000;50;9591539603;B
20240213;105505;200.450000000;10;9591539712;S
20240213;105506;200.450000000;90;9591539772;S
20240213;105506;200.450000000;10;9591539773;S
20240213;105506;200.450000000;150;9591539774;S
20240213;105507;200.450000000;250;9591539824;S
20240213;105508;200.460000000;10;9591539946;B
20240213;105508;200.460000000;20;9591539947;B
20240213;105509;200.450000000;250;9591539985;S
20240213;105510;200.460000000;10;9591540105;B
20240213;105511;200.460000000;10;9591540136;B
20240213;105512;200.450000000;100;9591540218;S
20240213;105514;200.450000000;100;9591540325;S
20240213;105518;200.450000000;150;9591540669;S
20240213;105518;200.450000000;140;9591540670;S
20240213;105524;200.460000000;40;9591541192;B
20240213;105530;200.450000000;100;9591541670;S
20240213;105530;200.460000000;10;9591541675;B
20240213;105530;200.450000000;300;9591541689;S
20240213;105531;200.450000000;50;9591541711;S
20240213;105531;200.450000000;60;9591541725;S
20240213;105531;200.450000000;240;9591541726;S
20240213;105532;200.460000000;100;9591541787;B
20240213;105534;200.460000000;1410;9591541918;B
20240213;105534;200.460000000;350;9591541919;B
20240213;105534;200.460000000;200;9591541920;B
20240213;105534;200.470000000;40;9591541921;B
20240213;105534;200.470000000;200;9591541922;B
20240213;105534;200.470000000;100;9591541923;B
20240213;105534;200.470000000;200;9591541924;B
20240213;105536;200.460000000;50;9591542079;S
20240213;105538;200.460000000;10;9591542183;S
20240213;105541;200.460000000;50;9591542419;S
20240213;105542;200.460000000;150;9591542444;S
20240213;105546;200.460000000;200;9591542762;S
20240213;105547;200.460000000;220;9591542956;S
20240213;105553;200.460000000;10;9591543693;S
20240213;105555;200.470000000;200;9591543794;B
20240213;105555;200.470000000;100;9591543795;B
20240213;105555;200.470000000;200;9591543796;B
20240213;105558;200.460000000;20;9591543991;S
20240213;105603;200.460000000;10;9591544393;S
20240213;105610;200.470000000;50;9591545035;B
20240213;105614;200.470000000;20;9591545280;B
20240213;105615;200.470000000;30;9591545359;B
20240213;105615;200.470000000;160;9591545360;B
20240213;105615;200.470000000;30;9591545361;B
20240213;105615;200.470000000;50;9591545362;B
20240213;105615;200.470000000;10;9591545363;B
20240213;105615;200.470000000;200;9591545364;B
20240213;105615;200.470000000;20;9591545365;B
20240213;105618;200.470000000;90;9591545644;B
20240213;105632;200.470000000;10;9591546720;B
20240213;105633;200.470000000;10;9591546891;B
20240213;105635;200.460000000;10;9591547050;S
20240213;105635;200.470000000;100;9591547051;B
20240213;105639;200.470000000;20;9591547575;B
20240213;105642;200.460000000;40;9591547966;S
20240213;105643;200.470000000;100;9591548029;B
20240213;105643;200.460000000;10;9591548032;S
20240213;105646;200.470000000;10;9591548201;B
20240213;105647;200.460000000;10;9591548246;S
20240213;105657;200.460000000;10;9591548935;S
20240213;105658;200.460000000;140;9591549007;S
20240213;105702;200.470000000;30;9591549237;B
20240213;105705;200.460000000;10;9591549474;S
20240213;105707;200.460000000;50;9591549590;S
20240213;105707;200.460000000;10;9591549591;S
20240213;105707;200.460000000;150;9591549592;S
20240213;105707;200.460000000;10;9591549593;S
20240213;105707;200.460000000;10;9591549594;S
20240213;105707;200.460000000;10;9591549595;S
20240213;105707;200.460000000;10;9591549596;S
20240213;105707;200.460000000;100;9591549597;S
20240213;105716;200.460000000;10;9591550330;B
20240213;105718;200.450000000;10;9591550471;S
20240213;105721;200.460000000;10;9591550715;B
20240213;105725;200.450000000;90;9591550939;S
20240213;105725;200.450000000;10;9591550940;S
20240213;105726;200.450000000;20;9591551056;S
20240213;105726;200.450000000;300;9591551057;S
20240213;105726;200.450000000;10;9591551058;S
20240213;105731;200.460000000;330;9591551576;B
20240213;105731;200.460000000;100;9591551577;B
20240213;105734;200.460000000;200;9591551802;B
20240213;105735;200.450000000;70;9591551987;S
20240213;105737;200.460000000;100;9591552295;B
20240213;105738;200.450000000;400;9591552586;S
20240213;105738;200.460000000;50;9591552589;B
20240213;105739;200.450000000;30;9591552669;S
20240213;105739;200.450000000;470;9591552670;S
20240213;105746;200.440000000;10;9591553223;S
20240213;105751;200.440000000;90;9591553549;S
20240213;105751;200.410000000;30;9591553550;S
20240213;105751;200.400000000;20;9591553551;S
20240213;105751;200.400000000;1850;9591553552;S
20240213;105751;200.400000000;10;9591553553;S
20240213;105755;200.450000000;10;9591553888;B
20240213;105804;200.410000000;700;9591554762;S
20240213;105804;200.400000000;300;9591554763;S
20240213;105807;200.450000000;10;9591554976;B
20240213;105811;200.400000000;50;9591555297;S
20240213;105811;200.400000000;50;9591555307;S
20240213;105812;200.400000000;500;9591555323;S
20240213;105813;200.430000000;60;9591555445;B
20240213;105814;200.410000000;10;9591555505;S
20240213;105826;200.430000000;10;9591556513;B
20240213;105826;200.440000000;10;9591556637;B
20240213;105827;200.410000000;10;9591556683;S
20240213;105827;200.410000000;10;9591556702;S
20240213;105827;200.410000000;10;9591556736;S
20240213;105828;200.400000000;10;9591556812;S
20240213;105828;200.400000000;10;9591556834;S
20240213;105828;200.400000000;10;9591556870;S
20240213;105831;200.400000000;20;9591557159;S
20240213;105831;200.420000000;10;9591557180;B
20240213;105831;200.430000000;40;9591557181;B
20240213;105835;200.410000000;10;9591557627;S
20240213;105837;200.400000000;10;9591557721;S
20240213;105838;200.430000000;10;9591557871;B
20240213;105843;200.420000000;10;9591558270;B
20240213;105844;200.400000000;20;9591558340;S
20240213;105856;200.410000000;50;9591559216;B
20240213;105856;200.400000000;1000;9591559242;S
20240213;105902;200.400000000;500;9591559627;S
20240213;105904;200.400000000;200;9591559778;S
20240213;105905;200.400000000;100;9591559837;S
20240213;105907;200.400000000;2000;9591559972;S
20240213;105908;200.420000000;10;9591560019;B
20240213;105912;200.400000000;10;9591560260;S
20240213;105915;200.400000000;250;9591560434;S
20240213;105915;200.400000000;250;9591560492;S
20240213;105920;200.400000000;380;9591560803;S
20240213;105920;200.400000000;10;9591560814;S
20240213;105921;200.410000000;10;9591560891;B
20240213;105930;200.400000000;100;9591561553;S
20240213;105934;200.410000000;10;9591561895;B
20240213;105941;200.410000000;10;9591562402;B
20240213;105942;200.410000000;20;9591562433;B
20240213;105942;200.410000000;130;9591562434;B
20240213;105943;200.410000000;10;9591562494;B
20240213;105950;200.420000000;10;9591562927;B
20240213;105951;200.400000000;50;9591563001;S
20240213;105956;200.420000000;10;9591563382;S
20240213;110000;200.430000000;10;9591563574;B
20240213;110000;200.430000000;10;9591563682;B
20240213;110001;200.410000000;10;9591563845;S
20240213;110005;200.430000000;10;9591564333;B
20240213;110013;200.430000000;10;9591565300;B
20240213;110021;200.410000000;50;9591566381;S
20240213;110034;200.430000000;90;9591568553;B
20240213;110035;200.430000000;10;9591568605;B
20240213;110040;200.410000000;10;9591569715;S
20240213;110048;200.410000000;10;9591570707;S
20240213;110052;200.410000000;50;9591571206;S
20240213;110054;200.430000000;10;9591571462;B
20240213;110056;200.410000000;20;9591571664;S
20240213;110101;200.410000000;20;9591572592;S
20240213;110101;200.410000000;10;9591572602;S
20240213;110104;200.430000000;50;9591573043;B
20240213;110104;200.430000000;10;9591573044;B
20240213;110104;200.430000000;10;9591573045;B
20240213;110104;200.440000000;140;9591573046;B
20240213;110104;200.440000000;700;9591573047;B
20240213;110104;200.450000000;80;9591573048;B
20240213;110104;200.450000000;10;9591573049;B
20240213;110104;200.450000000;20;9591573050;B
20240213;110104;200.450000000;1000;9591573051;B
20240213;110104;200.450000000;50;9591573052;B
20240213;110104;200.450000000;10;9591573053;B
20240213;110104;200.450000000;10;9591573054;B
20240213;110104;200.450000000;100;9591573055;B
20240213;110104;200.460000000;50;9591573056;B
20240213;110104;200.460000000;10;9591573057;B
20240213;110104;200.460000000;200;9591573058;B
20240213;110104;200.460000000;200;9591573059;B
20240213;110104;200.470000000;110;9591573060;B
20240213;110104;200.470000000;10;9591573061;B
20240213;110104;200.470000000;500;9591573062;B
20240213;110104;200.470000000;200;9591573063;B
20240213;110104;200.470000000;10;9591573064;B
20240213;110104;200.480000000;300;9591573065;B
20240213;110104;200.480000000;3000;9591573066;B
20240213;110104;200.490000000;1000;9591573067;B
20240213;110104;200.490000000;10;9591573068;B
20240213;110104;200.490000000;200;9591573069;B
20240213;110104;200.500000000;10;9591573070;B
20240213;110104;200.500000000;30;9591573071;B
20240213;110104;200.500000000;10;9591573072;B
20240213;110104;200.500000000;300;9591573073;B
20240213;110104;200.500000000;1000;9591573074;B
20240213;110104;200.500000000;100;9591573075;B
20240213;110104;200.500000000;10;9591573076;B
20240213;110104;200.500000000;1000;9591573077;B
