<DATE>;<TIME>;<LAST>;<VOL>;<ID>;<OPER>
20240221;095958;188.000000000;500;9672775785;S
20240221;095958;188.000000000;10;9672775786;B
20240221;095958;188.000000000;10;9672775787;B
20240221;095958;188.000000000;110;9672775788;B
20240221;095958;188.000000000;20;9672775789;B
20240221;095958;188.000000000;20;9672775790;B
20240221;095958;188.000000000;20;9672775791;B
20240221;095958;188.000000000;20;9672775792;B
20240221;095958;188.000000000;10;9672775793;B
20240221;095958;188.000000000;10;9672775794;B
20240221;095958;188.000000000;20;9672775795;B
20240221;095958;188.000000000;20;9672775796;B
20240221;095958;188.000000000;20;9672775797;B
20240221;095958;188.000000000;210;9672775798;B
20240221;095958;188.000000000;50;9672775799;B
20240221;095958;188.000000000;120;9672775800;B
20240221;095958;188.000000000;90;9672775801;B
20240221;095958;188.000000000;30;9672775802;B
20240221;095958;188.000000000;10;9672775803;B
20240221;095958;188.000000000;10;9672775804;B
20240221;095958;188.000000000;20;9672775805;B
20240221;095958;188.000000000;40;9672775806;B
20240221;095958;188.000000000;10;9672775807;B
20240221;095958;188.000000000;10;9672775808;B
20240221;095958;188.000000000;10;9672775809;B
20240221;095958;188.000000000;10;9672775810;B
20240221;095958;188.000000000;20;9672775811;B
20240221;095958;188.000000000;10;9672775812;B
20240221;095958;188.000000000;20;9672775813;S
20240221;095958;188.000000000;200;9672775814;B
20240221;095958;188.000000000;120;9672775815;B
20240221;095958;188.000000000;90;9672775816;B
20240221;095958;188.000000000;1500;9672775817;S
20240221;095958;188.000000000;10;9672775818;B
20240221;095958;188.000000000;280;9672775819;B
20240221;095958;188.000000000;320;9672775820;B
20240221;095958;188.000000000;100;9672775821;B
20240221;095958;188.000000000;200;9672775822;S
20240221;095958;188.000000000;30;9672775823;B
20240221;095958;188.000000000;1340;9672775824;B
20240221;095958;188.000000000;10;9672775825;B
20240221;095958;188.000000000;50;9672775826;B
20240221;095958;188.000000000;100;9672775827;B
20240221;095958;188.000000000;20;9672775828;S
20240221;095958;188.000000000;10;9672775829;S
20240221;095958;188.000000000;130;9672775830;S
20240221;095958;188.000000000;50;9672775831;S
20240221;095958;188.000000000;20;9672775832;B
20240221;095958;188.000000000;240;9672775833;B
20240221;095958;188.000000000;90;9672775834;B
20240221;095958;188.000000000;100;9672775835;B
20240221;095958;188.000000000;130;9672775836;B
20240221;095958;188.000000000;50;9672775837;B
20240221;095958;188.000000000;10;9672775838;B
20240221;095958;188.000000000;150;9672775839;B
20240221;095958;188.000000000;50;9672775840;B
20240221;095958;188.000000000;80;9672775841;B
20240221;095958;188.000000000;1000;9672775842;S
20240221;095958;188.000000000;20;9672775843;S
20240221;095958;188.000000000;10;9672775844;S
20240221;095958;188.000000000;10;9672775845;S
20240221;095958;188.000000000;10;9672775846;S
20240221;095958;188.000000000;120;9672775847;S
20240221;095958;188.000000000;530;9672775848;S
20240221;095958;188.000000000;110;9672775849;S
20240221;095958;188.000000000;100;9672775850;S
20240221;095958;188.000000000;10;9672775851;S
20240221;095958;188.000000000;250;9672775852;S
20240221;095958;188.000000000;30;9672775853;S
20240221;095958;188.000000000;20;9672775854;B
20240221;095958;188.000000000;30;9672775855;B
20240221;095958;188.000000000;100;9672775856;S
20240221;095958;188.000000000;820;9672775857;S
20240221;095958;188.000000000;10;9672775858;B
20240221;095958;188.000000000;20;9672775859;S
20240221;095958;188.000000000;20;9672775860;S
20240221;095958;188.000000000;200;9672775861;S
20240221;095958;188.000000000;10;9672775862;S
20240221;095958;188.000000000;10;9672775863;S
20240221;095958;188.000000000;190;9672775864;S
20240221;095958;188.000000000;30;9672775865;S
20240221;095958;188.000000000;20;9672775866;S
20240221;095958;188.000000000;20;9672775867;S
20240221;095958;188.000000000;10;9672775868;S
20240221;095958;188.000000000;10;9672775869;S
20240221;095958;188.000000000;40;9672775870;S
20240221;095958;188.000000000;20;9672775871;S
20240221;095958;188.000000000;100;9672775872;S
20240221;095958;188.000000000;20;9672775873;S
20240221;095958;188.000000000;10;9672775874;S
20240221;095958;188.000000000;10;9672775875;S
20240221;095958;188.000000000;170;9672775876;S
20240221;095958;188.000000000;20;9672775877;S
20240221;095958;188.000000000;10;9672775878;S
20240221;095958;188.000000000;10;9672775879;S
20240221;095958;188.000000000;50;9672775880;S
20240221;095958;188.000000000;10;9672775881;S
20240221;095958;188.000000000;30;9672775882;S
20240221;095958;188.000000000;5110;9672775883;S
20240221;095958;188.000000000;10;9672775884;S
20240221;095958;188.000000000;20;9672775885;S
20240221;095958;188.000000000;20;9672775886;S
20240221;095958;188.000000000;10;9672775887;S
20240221;095958;188.000000000;520;9672775888;S
20240221;095958;188.000000000;10;9672775889;S
20240221;095958;188.000000000;100;9672775890;S
20240221;095958;188.000000000;300;9672775891;S
20240221;095958;188.000000000;40;9672775892;S
20240221;095958;188.000000000;10;9672775893;S
20240221;095958;188.000000000;100;9672775894;S
20240221;095958;188.000000000;10;9672775895;B
20240221;095958;188.000000000;10;9672775896;S
20240221;095958;188.000000000;30;9672775897;S
20240221;095958;188.000000000;10;9672775898;S
20240221;095958;188.000000000;10;9672775899;S
20240221;095958;188.000000000;10;9672775900;S
20240221;095958;188.000000000;20;9672775901;S
20240221;095958;188.000000000;200;9672775902;B
20240221;095958;188.000000000;10;9672775903;S
20240221;095958;188.000000000;10;9672775904;S
20240221;095958;188.000000000;50;9672775905;S
20240221;095958;188.000000000;10;9672775906;S
20240221;095958;188.000000000;30;9672775907;S
20240221;095958;188.000000000;10;9672775908;B
20240221;095958;188.000000000;30;9672775909;S
20240221;095958;188.000000000;10;9672775910;S
20240221;095958;188.000000000;100;9672775911;S
20240221;095958;188.000000000;10;9672775912;S
20240221;095958;188.000000000;10;9672775913;S
20240221;095958;188.000000000;2640;9672775914;S
20240221;095958;188.000000000;50;9672775915;S
20240221;095958;188.000000000;30;9672775916;S
20240221;095958;188.000000000;70;9672775917;S
20240221;095958;188.000000000;50;9672775918;S
20240221;095958;188.000000000;10;9672775919;S
20240221;095958;188.000000000;10;9672775920;S
20240221;095958;188.000000000;10;9672775921;S
20240221;095958;188.000000000;10;9672775922;S
20240221;095958;188.000000000;10;9672775923;S
20240221;095958;188.000000000;10;9672775924;S
20240221;095958;188.000000000;10;9672775925;S
20240221;095958;188.000000000;390;9672775926;S
20240221;095958;188.000000000;360;9672775927;B
20240221;095958;188.000000000;50;9672775928;B
20240221;095958;188.000000000;10;9672775929;B
20240221;095958;188.000000000;20;9672775930;S
20240221;095958;188.000000000;10;9672775931;B
20240221;095958;188.000000000;10;9672775932;S
20240221;095958;188.000000000;20;9672775933;S
20240221;095958;188.000000000;10;9672775934;S
20240221;095958;188.000000000;10;9672775935;S
20240221;095958;188.000000000;20;9672775936;S
20240221;095958;188.000000000;10;9672775937;S
20240221;095958;188.000000000;10;9672775938;S
20240221;095958;188.000000000;10;9672775939;B
20240221;095958;188.000000000;3390;9672775940;S
20240221;095958;188.000000000;10;9672775941;S
20240221;095958;188.000000000;100;9672775942;S
20240221;095958;188.000000000;100;9672775943;S
20240221;095958;188.000000000;20;9672775944;S
20240221;095958;188.000000000;10;9672775945;B
20240221;095958;188.000000000;300;9672775946;S
20240221;095958;188.000000000;10;9672775947;S
20240221;095958;188.000000000;1000;9672775948;S
20240221;095958;188.000000000;600;9672775949;S
20240221;095958;188.000000000;10;9672775950;S
20240221;095958;188.000000000;4000;9672775951;B
20240221;095958;188.000000000;10;9672775952;S
20240221;095958;188.000000000;20;9672775953;S
20240221;095958;188.000000000;10;9672775954;B
20240221;095958;188.000000000;30;9672775955;S
20240221;095958;188.000000000;50;9672775956;S
20240221;095958;188.000000000;10;9672775957;S
20240221;095958;188.000000000;50;9672775958;S
20240221;095958;188.000000000;50;9672775959;S
20240221;095958;188.000000000;100;9672775960;B
20240221;095958;188.000000000;10;9672775961;S
20240221;095958;188.000000000;20;9672775962;S
20240221;095958;188.000000000;20;9672775963;S
20240221;095958;188.000000000;20;9672775964;S
20240221;095958;188.000000000;60;9672775965;S
20240221;095958;188.000000000;20;9672775966;S
20240221;095958;188.000000000;100;9672775967;B
20240221;095958;188.000000000;20;9672775968;S
20240221;095958;188.000000000;300;9672775969;S
20240221;095958;188.000000000;20;9672775970;S
20240221;095958;188.000000000;500;9672775971;S
20240221;095958;188.000000000;20;9672775972;S
20240221;095958;188.000000000;10;9672775973;S
20240221;095958;188.000000000;10;9672775974;S
20240221;095958;188.000000000;130;9672775975;S
20240221;095958;188.000000000;10;9672775976;S
20240221;095958;188.000000000;10;9672775977;S
20240221;095958;188.000000000;290;9672775978;S
20240221;095958;188.000000000;10;9672775979;B
20240221;095958;188.000000000;200;9672775980;B
20240221;095958;188.000000000;100;9672775981;S
20240221;095958;188.000000000;10;9672775982;S
20240221;095958;188.000000000;20;9672775983;B
20240221;095958;188.000000000;10;9672775984;S
20240221;095958;188.000000000;10;9672775985;S
20240221;095958;188.000000000;10;9672775986;S
20240221;095958;188.000000000;10;9672775987;S
20240221;095958;188.000000000;20;9672775988;S
20240221;100000;188.300000000;90;9672777429;B
20240221;100001;188.300000000;90;9672778121;B
20240221;100001;188.730000000;10;9672778215;B
20240221;100001;188.740000000;910;9672778483;B
20240221;100001;188.620000000;130;9672778593;S
20240221;100002;188.740000000;20;9672778860;B
20240221;100002;188.740000000;380;9672778934;B
20240221;100002;188.760000000;1050;9672779003;S
20240221;100002;188.760000000;1050;9672779021;S
20240221;100002;188.760000000;1050;9672779041;S
20240221;100002;188.730000000;260;9672779120;B
20240221;100002;188.620000000;90;9672779239;S
20240221;100002;188.490000000;210;9672779240;S
20240221;100002;188.460000000;740;9672779307;B
20240221;100002;188.460000000;740;9672779315;B
20240221;100002;188.460000000;260;9672779316;B
20240221;100002;188.500000000;500;9672779334;B
20240221;100002;188.650000000;50;9672779335;B
20240221;100002;188.460000000;500;9672779360;B
20240221;100002;188.460000000;500;9672779364;B
20240221;100002;188.460000000;500;9672779387;B
20240221;100002;188.500000000;30;9672779488;B
20240221;100002;188.750000000;50;9672779516;B
20240221;100002;188.750000000;250;9672779517;B
20240221;100002;188.770000000;200;9672779549;B
20240221;100002;188.370000000;60;9672780006;S
20240221;100002;188.370000000;10;9672780028;S
20240221;100002;188.760000000;40;9672780284;B
20240221;100002;188.430000000;50;9672780298;S
20240221;100003;188.750000000;80;9672780879;B
20240221;100003;188.750000000;80;9672780883;S
20240221;100003;188.750000000;80;9672780884;S
20240221;100003;188.750000000;80;9672780885;S
20240221;100003;188.750000000;80;9672780886;S
20240221;100003;188.750000000;80;9672780887;S
20240221;100003;188.750000000;80;9672780888;S
20240221;100003;188.750000000;200;9672780890;S
20240221;100003;188.760000000;250;9672780909;B
20240221;100003;188.750000000;160;9672781550;B
20240221;100003;188.750000000;60;9672781999;B
20240221;100004;188.560000000;1060;9672782423;S
20240221;100004;188.510000000;390;9672782424;S
20240221;100004;188.770000000;10;9672782802;B
20240221;100004;188.530000000;40;9672782908;S
20240221;100004;188.770000000;10;9672782983;B
20240221;100004;188.770000000;70;9672783011;B
20240221;100004;188.730000000;10;9672783329;S
20240221;100004;188.760000000;1000;9672783333;S
20240221;100004;188.770000000;50;9672783346;B
20240221;100004;188.770000000;20;9672783541;B
20240221;100004;188.770000000;20;9672783628;B
20240221;100004;188.760000000;580;9672783633;S
20240221;100004;188.760000000;110;9672783639;S
20240221;100005;188.770000000;1000;9672783714;B
20240221;100005;188.770000000;10;9672783826;B
20240221;100005;188.770000000;110;9672783911;B
20240221;100005;188.910000000;80;9672783912;B
20240221;100005;188.590000000;300;9672784090;S
20240221;100005;188.630000000;30;9672784430;S
20240221;100005;188.680000000;1050;9672784446;S
20240221;100005;188.670000000;1450;9672784447;S
20240221;100005;188.720000000;250;9672784506;B
20240221;100005;188.950000000;30;9672784508;B
20240221;100005;188.860000000;200;9672784584;S
20240221;100005;188.930000000;20;9672784763;S
20240221;100005;188.930000000;20;9672784764;S
20240221;100005;188.930000000;1010;9672784769;S
20240221;100005;188.920000000;20;9672784770;S
20240221;100005;188.790000000;400;9672784783;B
20240221;100005;188.960000000;40;9672784998;B
20240221;100006;188.780000000;100;9672785107;S
20240221;100006;188.960000000;1410;9672785707;B
20240221;100006;188.970000000;350;9672785708;B
20240221;100006;188.970000000;10;9672785987;B
20240221;100006;188.790000000;10;9672785992;S
20240221;100006;188.840000000;20;9672786070;S
20240221;100006;188.970000000;60;9672786080;B
20240221;100006;188.970000000;10;9672786432;B
20240221;100006;188.810000000;100;9672786759;B
20240221;100006;188.780000000;130;9672787115;S
20240221;100007;188.970000000;30;9672787357;B
20240221;100007;188.830000000;10;9672787708;S
20240221;100007;188.970000000;500;9672787746;B
20240221;100007;188.970000000;20;9672788110;B
20240221;100007;188.970000000;50;9672788399;B
20240221;100007;188.830000000;1050;9672788596;S
20240221;100007;188.820000000;10;9672788597;S
20240221;100007;188.770000000;20;9672788598;S
20240221;100007;188.760000000;40;9672788599;S
20240221;100007;188.760000000;10;9672788600;S
20240221;100007;188.660000000;50;9672788601;S
20240221;100007;188.620000000;1370;9672788602;S
20240221;100007;188.950000000;20;9672788624;B
20240221;100007;188.960000000;50;9672788810;B
20240221;100007;188.750000000;100;9672789114;S
20240221;100007;188.940000000;190;9672789115;B
20240221;100008;188.920000000;10;9672789491;B
20240221;100008;188.960000000;210;9672790566;B
20240221;100008;188.780000000;20;9672790684;S
20240221;100008;188.780000000;30;9672790685;S
20240221;100008;188.960000000;10;9672790686;B
20240221;100008;188.960000000;160;9672790902;B
20240221;100008;188.870000000;10;9672791662;S
20240221;100008;188.870000000;1040;9672791668;S
20240221;100008;188.860000000;50;9672791669;S
20240221;100008;188.770000000;50;9672791670;S
20240221;100008;188.650000000;10;9672791671;S
20240221;100008;188.610000000;850;9672791672;S
20240221;100009;188.650000000;40;9672792237;S
20240221;100009;188.960000000;10;9672793076;B
20240221;100009;188.960000000;10;9672793205;B
20240221;100009;188.870000000;1050;9672793211;S
20240221;100009;188.860000000;60;9672793212;S
20240221;100009;188.790000000;50;9672793213;S
20240221;100009;188.600000000;80;9672793214;S
20240221;100009;188.520000000;150;9672793215;S
20240221;100009;188.510000000;1580;9672793216;S
20240221;100009;188.600000000;200;9672793395;S
20240221;100009;188.960000000;10;9672793647;B
20240221;100009;188.960000000;20;9672793737;B
20240221;100009;188.960000000;1520;9672794025;B
20240221;100009;188.650000000;700;9672794031;S
20240221;100009;188.950000000;130;9672794040;B
20240221;100010;188.960000000;30;9672794836;B
20240221;100010;188.940000000;20;9672794985;B
20240221;100010;188.940000000;20;9672795920;B
20240221;100010;188.940000000;20;9672796107;B
20240221;100011;188.950000000;80;9672796359;B
20240221;100011;188.960000000;20;9672796360;B
20240221;100011;188.930000000;10;9672797000;B
20240221;100011;188.870000000;1050;9672797078;S
20240221;100011;188.860000000;30;9672797079;S
20240221;100011;188.600000000;1670;9672797080;S
20240221;100011;188.590000000;1600;9672797081;S
20240221;100011;188.500000000;10;9672797082;S
20240221;100011;188.500000000;640;9672797083;S
20240221;100011;188.510000000;60;9672797092;S
20240221;100011;188.850000000;10;9672797138;B
20240221;100012;188.960000000;60;9672797561;B
20240221;100012;188.960000000;30;9672797562;B
20240221;100012;188.960000000;30;9672798238;B
20240221;100013;188.960000000;20;9672799227;B
20240221;100013;188.960000000;600;9672799286;B
20240221;100013;188.960000000;10;9672799430;B
20240221;100014;188.960000000;30;9672800128;B
20240221;100014;188.800000000;30;9672800207;S
20240221;100014;188.960000000;30;9672800436;B
20240221;100014;188.820000000;1050;9672800514;S
20240221;100014;188.810000000;1590;9672800515;S
20240221;100014;188.790000000;10;9672800516;S
20240221;100014;188.790000000;50;9672800517;S
20240221;100014;188.710000000;10;9672800518;S
20240221;100014;188.670000000;720;9672800519;S
20240221;100014;188.670000000;3000;9672800520;S
20240221;100014;188.660000000;1500;9672800521;S
20240221;100014;188.550000000;80;9672800522;S
20240221;100014;188.540000000;1000;9672800523;S
20240221;100014;188.490000000;100;9672800524;S
20240221;100014;188.490000000;10;9672800525;S
20240221;100014;188.880000000;200;9672800655;B
20240221;100015;188.960000000;20;9672800796;B
20240221;100016;188.850000000;100;9672801918;S
20240221;100016;188.840000000;400;9672801919;S
20240221;100020;188.820000000;60;9672804136;S
20240221;100020;188.820000000;40;9672804137;S
20240221;100020;188.950000000;30;9672804215;B
20240221;100021;188.950000000;50;9672804810;B
20240221;100021;188.960000000;1450;9672804811;B
20240221;100022;188.810000000;60;9672805092;S
20240221;100022;188.960000000;10;9672805392;B
20240221;100022;188.810000000;50;9672805451;S
20240221;100022;188.800000000;10;9672805452;S
20240221;100022;188.790000000;50;9672805453;S
20240221;100022;188.740000000;10;9672805454;S
20240221;100022;188.730000000;50;9672805455;S
20240221;100022;188.650000000;1590;9672805456;S
20240221;100022;188.640000000;300;9672805457;S
20240221;100022;188.620000000;340;9672805458;S
20240221;100022;188.620000000;30;9672805561;S
20240221;100022;188.620000000;150;9672805563;S
20240221;100023;188.630000000;10;9672805647;S
20240221;100023;188.620000000;120;9672805648;S
20240221;100023;188.550000000;40;9672805649;S
20240221;100023;188.500000000;10;9672805700;S
20240221;100023;188.490000000;50;9672805711;S
20240221;100023;188.460000000;10;9672805712;S
20240221;100023;188.460000000;10;9672805713;S
20240221;100023;188.450000000;80;9672805714;S
20240221;100023;188.440000000;100;9672805715;S
20240221;100023;188.450000000;20;9672805932;S
20240221;100023;188.710000000;30;9672805979;B
20240221;100024;188.770000000;30;9672806319;B
20240221;100024;188.770000000;10;9672806405;B
20240221;100026;188.860000000;10;9672807263;B
20240221;100026;188.760000000;10;9672807569;S
20240221;100026;188.860000000;50;9672807645;B
20240221;100026;188.930000000;50;9672807646;B
20240221;100026;188.930000000;10;9672807666;B
20240221;100027;188.910000000;350;9672807918;B
20240221;100027;188.910000000;650;9672807919;B
20240221;100027;188.920000000;100;9672807980;B
20240221;100028;188.910000000;80;9672808184;B
20240221;100028;188.910000000;260;9672808185;B
20240221;100028;188.910000000;1160;9672808186;B
20240221;100029;188.960000000;20;9672809337;B
20240221;100029;188.970000000;2360;9672809338;B
20240221;100029;189.000000000;20;9672809339;B
20240221;100029;189.000000000;30;9672809340;B
20240221;100029;189.000000000;70;9672809341;B
20240221;100029;189.090000000;500;9672809342;B
20240221;100030;189.100000000;300;9672809905;B
20240221;100030;189.100000000;50;9672809906;B
20240221;100030;189.150000000;250;9672809907;B
20240221;100032;189.140000000;50;9672810583;B
20240221;100032;189.150000000;50;9672810584;B
20240221;100033;189.010000000;10;9672811326;S
20240221;100033;189.000000000;10;9672811327;S
20240221;100033;189.000000000;100;9672811328;S
20240221;100033;188.930000000;30;9672811329;S
20240221;100034;189.150000000;20;9672811820;B
20240221;100036;189.000000000;30;9672812754;S
20240221;100036;188.940000000;30;9672812755;S
20240221;100037;189.150000000;440;9672813363;B
20240221;100037;189.150000000;740;9672813494;B
20240221;100037;189.180000000;760;9672813495;B
20240221;100037;189.180000000;190;9672813799;B
20240221;100037;189.000000000;1000;9672813954;B
20240221;100039;189.180000000;200;9672814525;B
20240221;100039;188.990000000;30;9672814668;S
20240221;100040;189.180000000;80;9672814799;B
20240221;100040;189.200000000;30;9672814800;B
20240221;100040;189.200000000;50;9672814801;B
20240221;100040;189.200000000;100;9672814802;B
20240221;100040;189.200000000;100;9672814803;B
20240221;100040;189.200000000;20;9672814804;B
20240221;100040;189.200000000;50;9672814805;B
20240221;100040;189.200000000;70;9672814806;B
20240221;100040;189.200000000;10;9672814948;B
20240221;100040;189.200000000;190;9672814949;B
20240221;100040;189.200000000;20;9672814983;B
20240221;100041;189.200000000;20;9672815254;B
20240221;100041;189.200000000;100;9672815255;B
20240221;100041;189.200000000;80;9672815256;B
20240221;100041;189.200000000;70;9672815262;B
20240221;100041;189.200000000;60;9672815263;B
20240221;100041;189.200000000;10;9672815264;B
20240221;100041;189.200000000;10;9672815407;B
20240221;100042;189.180000000;10;9672815783;S
20240221;100043;189.010000000;50;9672816018;B
20240221;100043;189.010000000;40;9672816086;B
20240221;100043;189.170000000;40;9672816089;S
20240221;100043;189.200000000;40;9672816386;B
20240221;100044;189.200000000;410;9672816452;B
20240221;100044;189.200000000;70;9672816453;B
20240221;100044;189.200000000;10;9672816454;B
20240221;100044;189.200000000;20;9672816455;B
20240221;100044;189.200000000;200;9672816456;B
20240221;100044;189.200000000;200;9672816457;B
20240221;100044;189.200000000;10;9672816458;B
20240221;100044;189.210000000;400;9672816459;B
20240221;100044;189.210000000;1000;9672816460;B
20240221;100044;189.220000000;300;9672816461;B
20240221;100044;189.350000000;410;9672816462;B
20240221;100044;189.430000000;1970;9672816463;B
20240221;100044;189.390000000;20;9672816547;B
20240221;100044;189.120000000;10;9672816611;S
20240221;100044;189.390000000;10;9672816664;B
20240221;100045;189.390000000;210;9672816806;B
20240221;100045;189.390000000;10;9672816968;B
20240221;100045;189.390000000;100;9672817096;B
20240221;100046;189.390000000;10;9672817200;B
20240221;100046;189.390000000;1640;9672817247;B
20240221;100046;189.390000000;1440;9672817248;B
20240221;100046;189.400000000;500;9672817249;B
20240221;100046;189.480000000;10;9672817250;B
20240221;100046;189.490000000;70;9672817251;B
20240221;100046;189.230000000;800;9672817263;B
20240221;100046;189.410000000;100;9672817277;S
20240221;100046;189.410000000;70;9672817279;S
20240221;100046;189.160000000;930;9672817292;S
20240221;100046;189.160000000;300;9672817293;S
20240221;100046;189.160000000;300;9672817294;S
20240221;100046;189.160000000;250;9672817380;S
20240221;100046;189.490000000;330;9672817549;B
20240221;100046;189.490000000;10;9672817550;B
20240221;100046;189.490000000;400;9672817551;B
20240221;100046;189.500000000;240;9672817552;B
20240221;100046;189.490000000;80;9672817728;B
20240221;100046;189.490000000;20;9672817739;B
20240221;100047;189.500000000;80;9672817997;B
20240221;100049;189.490000000;150;9672818844;B
20240221;100049;189.460000000;10;9672818865;B
20240221;100049;189.490000000;840;9672819201;B
20240221;100049;189.490000000;1590;9672819295;B
20240221;100049;189.500000000;680;9672819296;B
20240221;100049;189.550000000;60;9672819297;B
20240221;100049;189.550000000;400;9672819298;B
20240221;100049;189.550000000;750;9672819299;B
20240221;100049;189.600000000;500;9672819300;B
20240221;100049;189.640000000;40;9672819301;B
20240221;100049;189.650000000;500;9672819302;B
20240221;100049;189.690000000;80;9672819303;B
20240221;100049;189.690000000;10;9672819304;B
20240221;100049;189.700000000;440;9672819305;B
20240221;100049;189.380000000;100;9672819324;B
20240221;100050;189.300000000;100;9672819353;S
20240221;100050;189.660000000;100;9672819433;B
20240221;100050;189.640000000;790;9672819448;B
20240221;100050;189.310000000;100;9672819454;B
20240221;100050;189.590000000;100;9672819478;S
20240221;100050;189.300000000;1500;9672819479;S
20240221;100050;189.300000000;400;9672819480;S
20240221;100050;189.390000000;20;9672819645;S
20240221;100050;189.630000000;50;9672819663;B
20240221;100051;189.550000000;10;9672820065;S
20240221;100051;189.500000000;70;9672820066;S
20240221;100052;189.500000000;30;9672820453;S
20240221;100052;189.500000000;30;9672820550;S
20240221;100052;189.560000000;50;9672820573;B
20240221;100052;189.500000000;100;9672820585;S
20240221;100052;189.500000000;170;9672820626;S
20240221;100052;189.390000000;280;9672820627;S
20240221;100052;189.390000000;50;9672820628;S
20240221;100053;189.560000000;10;9672820923;B
20240221;100053;189.520000000;40;9672821061;B
20240221;100053;189.530000000;50;9672821062;B
20240221;100053;189.530000000;1050;9672821063;B
20240221;100053;189.570000000;30;9672821064;B
20240221;100053;189.720000000;100;9672821065;B
20240221;100053;189.730000000;60;9672821066;B
20240221;100053;189.740000000;200;9672821067;B
20240221;100053;189.770000000;470;9672821068;B
20240221;100055;189.640000000;1050;9672821607;B
20240221;100055;189.650000000;650;9672821608;B
20240221;100055;189.500000000;40;9672821619;B
20240221;100056;189.500000000;50;9672821807;B
20240221;100056;189.500000000;10;9672821865;B
20240221;100056;189.650000000;100;9672821926;B
20240221;100057;189.740000000;10;9672822036;B
20240221;100057;189.510000000;10;9672822056;S
20240221;100057;189.430000000;10;9672822057;S
20240221;100057;189.410000000;1980;9672822058;S
20240221;100057;189.630000000;10;9672822308;B
20240221;100058;189.630000000;160;9672822326;B
20240221;100058;189.460000000;10;9672822572;S
20240221;100058;189.450000000;10;9672822573;S
20240221;100059;189.720000000;1050;9672822877;B
20240221;100059;189.730000000;10;9672822878;B
20240221;100059;189.760000000;340;9672822879;B
20240221;100059;189.430000000;20;9672822916;S
20240221;100100;189.660000000;20;9672823147;B
20240221;100100;189.660000000;590;9672823247;B
20240221;100100;189.670000000;410;9672823248;B
20240221;100101;189.510000000;100;9672823601;S
20240221;100101;189.590000000;530;9672823603;S
20240221;100101;189.580000000;10;9672823604;S
20240221;100102;189.510000000;90;9672823783;B
20240221;100102;189.440000000;10;9672823939;B
20240221;100103;189.450000000;10;9672824145;S
20240221;100103;189.590000000;50;9672824324;B
20240221;100104;189.450000000;70;9672824417;S
20240221;100104;189.440000000;530;9672824418;S
20240221;100104;189.440000000;80;9672824419;S
20240221;100104;189.440000000;530;9672824420;S
20240221;100104;189.430000000;20;9672824421;S
20240221;100104;189.420000000;70;9672824422;S
20240221;100104;189.390000000;50;9672824423;S
20240221;100104;189.390000000;10;9672824424;S
20240221;100104;189.310000000;20;9672824425;S
20240221;100104;189.300000000;300;9672824426;S
20240221;100104;189.290000000;2600;9672824427;S
20240221;100104;189.270000000;1490;9672824428;S
20240221;100105;189.540000000;60;9672824801;B
20240221;100106;189.290000000;30;9672825151;S
20240221;100106;189.280000000;370;9672825152;S
20240221;100106;189.280000000;110;9672825153;S
20240221;100106;189.270000000;50;9672825154;S
20240221;100106;189.480000000;100;9672825164;B
20240221;100107;189.510000000;60;9672825330;B
20240221;100107;189.510000000;10;9672825336;B
20240221;100107;189.500000000;10;9672825337;S
20240221;100107;189.500000000;70;9672825571;B
20240221;100108;189.510000000;20;9672825761;B
20240221;100108;189.510000000;20;9672825762;B
20240221;100109;189.530000000;80;9672826041;B
20240221;100109;189.530000000;20;9672826042;B
20240221;100109;189.500000000;1050;9672826153;B
20240221;100109;189.500000000;950;9672826154;S
20240221;100109;189.510000000;10;9672826155;B
20240221;100109;189.510000000;160;9672826156;B
20240221;100110;189.490000000;280;9672826343;B
20240221;100110;189.510000000;530;9672826344;B
20240221;100111;189.280000000;10;9672826825;S
20240221;100111;189.260000000;60;9672826826;S
20240221;100111;189.260000000;20;9672826827;S
20240221;100111;189.250000000;10;9672826828;S
20240221;100119;189.500000000;10;9672829539;B
20240221;100119;189.520000000;990;9672829540;B
20240221;100121;189.520000000;20;9672830082;B
20240221;100122;189.520000000;40;9672830238;B
20240221;100122;189.530000000;50;9672830239;B
20240221;100122;189.590000000;20;9672830240;B
20240221;100122;189.690000000;1190;9672830241;S
20240221;100122;189.330000000;1000;9672830245;B
20240221;100122;189.330000000;500;9672830246;B
20240221;100122;189.660000000;1000;9672830247;S
20240221;100122;189.350000000;200;9672830248;B
20240221;100122;189.670000000;300;9672830249;B
20240221;100122;189.670000000;200;9672830250;S
20240221;100122;189.350000000;200;9672830251;B
20240221;100123;189.610000000;10;9672830529;B
20240221;100124;189.340000000;20;9672830809;S
20240221;100124;189.330000000;140;9672830810;S
20240221;100129;189.570000000;10;9672832055;S
20240221;100129;189.580000000;60;9672832059;S
20240221;100129;189.690000000;100;9672832113;B
20240221;100131;189.620000000;170;9672832732;B
20240221;100133;189.520000000;20;9672833635;S
20240221;100133;189.520000000;10;9672833708;B
20240221;100134;189.330000000;80;9672833880;S
20240221;100134;189.330000000;30;9672833881;S
20240221;100134;189.320000000;100;9672833882;S
20240221;100134;189.320000000;80;9672833883;S
20240221;100134;189.300000000;10;9672833884;S
20240221;100134;189.280000000;30;9672833885;S
20240221;100134;189.260000000;10;9672833886;S
20240221;100134;189.260000000;100;9672833887;S
20240221;100134;189.260000000;300;9672833888;S
20240221;100134;189.250000000;100;9672833889;S
20240221;100134;189.250000000;100;9672833890;S
20240221;100134;189.210000000;200;9672833891;S
20240221;100134;189.180000000;1560;9672833892;S
20240221;100135;189.490000000;50;9672834339;B
20240221;100135;189.350000000;10;9672834426;S
20240221;100135;189.490000000;20;9672834457;B
20240221;100136;189.460000000;40;9672834756;B
20240221;100137;189.350000000;1000;9672834801;S
20240221;100138;189.470000000;140;9672835257;B
20240221;100138;189.470000000;160;9672835440;B
20240221;100139;189.430000000;100;9672835867;B
20240221;100139;189.350000000;990;9672835931;S
20240221;100139;189.260000000;150;9672835932;S
20240221;100139;189.170000000;200;9672835933;S
20240221;100139;189.150000000;300;9672835934;S
20240221;100139;189.150000000;120;9672835935;S
20240221;100139;189.110000000;10;9672835936;S
20240221;100139;189.110000000;20;9672835937;S
20240221;100139;189.100000000;1050;9672835938;S
20240221;100139;189.020000000;1920;9672835939;S
20240221;100139;189.010000000;250;9672835940;S
20240221;100139;189.000000000;10;9672835941;S
20240221;100139;189.000000000;100;9672835942;S
20240221;100139;189.000000000;20;9672835943;S
20240221;100139;189.000000000;10;9672835944;S
20240221;100139;189.000000000;50;9672835945;S
20240221;100139;188.980000000;1590;9672835946;S
20240221;100139;188.980000000;360;9672835947;S
20240221;100139;188.980000000;5000;9672835948;S
20240221;100139;188.970000000;3340;9672835949;S
20240221;100140;189.010000000;10;9672835986;S
20240221;100142;189.010000000;60;9672836507;S
20240221;100142;189.000000000;1050;9672836508;S
20240221;100142;189.000000000;500;9672836509;S
20240221;100142;188.960000000;10;9672836510;S
20240221;100142;188.950000000;200;9672836511;S
20240221;100142;188.870000000;50;9672836512;S
20240221;100142;188.850000000;60;9672836513;S
20240221;100142;188.850000000;10;9672836514;S
20240221;100142;188.800000000;10;9672836515;S
20240221;100142;188.790000000;10;9672836516;S
20240221;100142;188.780000000;10;9672836517;S
20240221;100142;188.760000000;30;9672836518;S
20240221;100143;189.040000000;50;9672836789;B
20240221;100143;189.150000000;10;9672837026;B
20240221;100144;189.100000000;10;9672837181;B
20240221;100144;189.100000000;200;9672837229;B
20240221;100146;189.110000000;140;9672837602;B
20240221;100147;188.930000000;180;9672837936;S
20240221;100148;189.090000000;90;9672838030;B
20240221;100148;189.100000000;30;9672838031;B
20240221;100148;189.070000000;50;9672838083;B
20240221;100148;188.930000000;300;9672838313;S
20240221;100150;189.050000000;10;9672838644;B
20240221;100152;189.060000000;50;9672839294;B
20240221;100152;189.060000000;80;9672839324;B
20240221;100153;189.090000000;60;9672839712;B
20240221;100153;189.090000000;10;9672839744;B
20240221;100153;189.120000000;40;9672839745;B
20240221;100153;189.120000000;10;9672839865;B
20240221;100154;189.010000000;10;9672839874;S
20240221;100154;188.890000000;20;9672839875;S
20240221;100154;188.880000000;40;9672839876;S
20240221;100154;188.950000000;10;9672839995;S
20240221;100154;188.930000000;10;9672840104;B
20240221;100154;189.090000000;60;9672840105;B
20240221;100156;189.000000000;10;9672840412;B
20240221;100156;189.000000000;10;9672840509;B
20240221;100156;189.000000000;30;9672840566;B
20240221;100156;189.020000000;20;9672840567;B
20240221;100157;189.000000000;500;9672840652;S
20240221;100157;189.000000000;400;9672840749;S
20240221;100157;189.000000000;100;9672840750;S
20240221;100157;188.850000000;100;9672840895;B
20240221;100158;188.840000000;40;9672840947;S
20240221;100158;188.840000000;30;9672840948;S
20240221;100158;188.830000000;40;9672840949;S
20240221;100159;189.000000000;10;9672841383;S
20240221;100159;189.060000000;40;9672841444;B
20240221;100159;189.060000000;100;9672841466;B
20240221;100200;189.060000000;170;9672841869;B
20240221;100200;189.060000000;180;9672841912;B
20240221;100201;189.000000000;40;9672842112;S
20240221;100201;189.000000000;170;9672842203;B
20240221;100201;188.990000000;30;9672842257;B
20240221;100202;189.000000000;10;9672842367;B
20240221;100202;189.000000000;40;9672842439;B
20240221;100202;189.000000000;140;9672842501;B
20240221;100203;188.950000000;110;9672842885;S
20240221;100203;188.950000000;500;9672842886;S
20240221;100203;188.950000000;10;9672842887;S
20240221;100203;188.930000000;50;9672842888;S
20240221;100203;188.930000000;1050;9672842889;S
20240221;100203;188.920000000;170;9672842890;S
20240221;100203;188.850000000;10;9672842891;S
20240221;100203;188.830000000;20;9672842892;S
20240221;100203;188.820000000;170;9672842893;S
20240221;100203;188.820000000;1590;9672842894;S
20240221;100203;188.810000000;2320;9672842895;S
20240221;100204;188.990000000;50;9672843062;B
20240221;100204;188.990000000;50;9672843077;B
20240221;100204;188.990000000;30;9672843111;B
20240221;100204;188.970000000;40;9672843221;B
20240221;100204;188.970000000;20;9672843302;B
20240221;100204;188.970000000;30;9672843330;B
20240221;100204;188.970000000;10;9672843331;B
20240221;100204;188.990000000;130;9672843391;B
20240221;100205;188.990000000;10;9672843462;B
20240221;100206;188.920000000;10;9672843760;S
20240221;100209;188.990000000;10;9672844394;B
20240221;100211;188.920000000;10;9672845002;B
20240221;100212;188.910000000;170;9672845275;S
20240221;100212;188.910000000;30;9672845276;S
20240221;100213;188.920000000;40;9672845417;B
20240221;100213;188.970000000;20;9672845418;B
20240221;100214;188.900000000;70;9672845647;S
20240221;100216;188.970000000;40;9672846047;B
20240221;100216;188.970000000;10;9672846120;B
20240221;100219;188.970000000;120;9672846804;B
20240221;100221;188.920000000;10;9672847236;S
20240221;100221;188.900000000;20;9672847237;S
20240221;100223;188.950000000;10;9672847739;B
20240221;100223;188.900000000;100;9672847776;S
20240221;100224;188.900000000;10;9672847892;S
20240221;100224;188.900000000;30;9672847893;S
20240221;100224;188.900000000;100;9672847894;S
20240221;100224;188.890000000;10;9672847895;S
20240221;100225;188.940000000;20;9672848054;B
20240221;100225;188.940000000;170;9672848280;B
20240221;100226;188.940000000;190;9672848433;B
20240221;100226;188.950000000;20;9672848434;B
20240221;100226;188.960000000;170;9672848435;B
20240221;100226;188.990000000;620;9672848436;B
20240221;100226;188.890000000;100;9672848563;S
20240221;100226;188.850000000;10;9672848564;S
20240221;100226;188.850000000;1590;9672848565;S
20240221;100226;188.840000000;170;9672848566;S
20240221;100226;188.830000000;550;9672848567;S
20240221;100226;188.990000000;30;9672848586;B
20240221;100226;188.810000000;50;9672848645;S
20240221;100227;188.950000000;10;9672848874;S
20240221;100227;188.950000000;20;9672848875;S
20240221;100227;188.870000000;170;9672848876;S
20240221;100227;188.840000000;300;9672848877;S
20240221;100227;188.970000000;170;9672848928;B
20240221;100227;188.970000000;100;9672848929;B
20240221;100228;188.970000000;170;9672849130;B
20240221;100228;188.980000000;170;9672849188;B
20240221;100228;188.980000000;100;9672849235;B
20240221;100231;188.970000000;100;9672849906;B
20240221;100233;188.970000000;10;9672850402;B
20240221;100233;188.890000000;500;9672850472;S
20240221;100233;188.840000000;170;9672850473;S
20240221;100233;188.830000000;100;9672850474;S
20240221;100233;188.810000000;340;9672850475;S
20240221;100233;188.810000000;1020;9672850476;S
20240221;100234;188.950000000;170;9672850696;B
20240221;100234;188.950000000;90;9672850697;B
20240221;100234;188.950000000;20;9672850774;B
20240221;100238;188.840000000;170;9672852536;S
20240221;100238;188.820000000;150;9672852537;S
20240221;100238;188.810000000;140;9672852799;S
20240221;100238;188.810000000;10;9672852810;S
20240221;100239;188.820000000;150;9672852859;B
20240221;100241;188.820000000;250;9672853329;B
20240221;100241;188.820000000;30;9672853376;B
20240221;100242;188.820000000;10;9672853741;B
20240221;100243;188.820000000;10;9672854053;B
20240221;100244;188.800000000;1000;9672854079;S
20240221;100244;188.800000000;160;9672854186;S
20240221;100245;188.820000000;1780;9672854489;B
20240221;100245;188.880000000;170;9672854490;B
20240221;100251;188.970000000;80;9672856104;B
20240221;100251;188.970000000;80;9672856105;B
20240221;100251;188.980000000;300;9672856106;B
20240221;100251;188.980000000;100;9672856107;B
20240221;100251;188.990000000;440;9672856108;B
20240221;100252;188.910000000;30;9672856623;S
20240221;100253;188.910000000;10;9672856897;S
20240221;100255;188.910000000;80;9672857472;S
20240221;100255;188.900000000;20;9672857473;S
20240221;100255;188.980000000;10;9672857494;B
20240221;100256;188.900000000;1030;9672857692;S
20240221;100256;188.900000000;170;9672857693;S
20240221;100259;188.930000000;10;9672858467;B
20240221;100300;188.920000000;40;9672858676;B
20240221;100300;188.930000000;60;9672858677;B
20240221;100300;188.840000000;50;9672858793;S
20240221;100300;188.840000000;20;9672858794;S
20240221;100300;188.840000000;300;9672858795;S
20240221;100300;188.820000000;500;9672858796;S
20240221;100300;188.810000000;2000;9672858797;S
20240221;100300;188.810000000;170;9672858798;S
20240221;100300;188.800000000;1240;9672858799;S
20240221;100300;188.800000000;20;9672858800;S
20240221;100300;188.800000000;20;9672858801;S
20240221;100300;188.800000000;10;9672858802;S
20240221;100300;188.770000000;10;9672858803;S
20240221;100300;188.770000000;100;9672858804;S
20240221;100300;188.750000000;250;9672858805;S
20240221;100300;188.740000000;40;9672858806;S
20240221;100300;188.740000000;1590;9672858807;S
20240221;100300;188.730000000;1050;9672858808;S
20240221;100300;188.710000000;630;9672858809;S
20240221;100302;188.850000000;40;9672859156;S
20240221;100303;188.880000000;10;9672859598;B
20240221;100306;188.890000000;10;9672860439;B
20240221;100306;188.900000000;30;9672860440;B
20240221;100306;188.900000000;30;9672860479;B
20240221;100308;188.860000000;480;9672861243;S
20240221;100308;188.850000000;70;9672861244;S
20240221;100312;188.850000000;30;9672862388;S
20240221;100314;188.850000000;50;9672862827;S
20240221;100314;188.850000000;80;9672862876;S
20240221;100315;188.850000000;30;9672863027;S
20240221;100317;188.850000000;130;9672863415;S
20240221;100317;188.860000000;100;9672863499;B
20240221;100317;188.860000000;30;9672863500;B
20240221;100317;188.900000000;60;9672863501;B
20240221;100317;188.930000000;170;9672863502;B
20240221;100317;188.940000000;10;9672863503;B
20240221;100317;188.940000000;630;9672863504;B
20240221;100317;188.930000000;20;9672863547;B
20240221;100320;188.850000000;10;9672864284;S
20240221;100321;188.850000000;50;9672864515;S
20240221;100322;188.850000000;10;9672864928;S
20240221;100322;188.850000000;90;9672864929;S
20240221;100324;188.900000000;10;9672865492;B
20240221;100325;188.850000000;100;9672865749;S
20240221;100327;188.850000000;10;9672866156;S
20240221;100328;188.930000000;10;9672866294;B
20240221;100328;188.930000000;10;9672866394;B
20240221;100328;188.890000000;20;9672866528;S
20240221;100328;188.850000000;700;9672866529;S
20240221;100328;188.850000000;500;9672866530;S
20240221;100328;188.850000000;10;9672866531;S
20240221;100328;188.850000000;170;9672866532;S
20240221;100328;188.830000000;20;9672866533;S
20240221;100328;188.750000000;10;9672866534;S
20240221;100328;188.750000000;70;9672866535;S
20240221;100329;188.800000000;40;9672866781;S
20240221;100329;188.730000000;30;9672866782;S
20240221;100330;188.810000000;10;9672867148;B
20240221;100331;188.870000000;170;9672867551;B
20240221;100331;188.880000000;630;9672867552;B
20240221;100332;188.870000000;50;9672867624;B
20240221;100332;188.890000000;500;9672867625;B
20240221;100332;188.920000000;150;9672867626;B
20240221;100332;188.850000000;30;9672867706;S
20240221;100333;188.780000000;10;9672868026;S
20240221;100334;188.850000000;10;9672868232;B
20240221;100334;188.890000000;10;9672868233;B
20240221;100334;188.900000000;500;9672868234;B
20240221;100334;188.940000000;780;9672868235;B
20240221;100334;188.940000000;10;9672868303;B
20240221;100335;188.940000000;10;9672868378;B
20240221;100335;188.940000000;10;9672868479;B
20240221;100339;188.900000000;20;9672869682;B
20240221;100340;188.900000000;10;9672869863;B
20240221;100344;188.900000000;170;9672871132;B
20240221;100345;188.900000000;50;9672871357;B
20240221;100345;188.900000000;100;9672871618;B
20240221;100347;188.820000000;110;9672872062;S
20240221;100348;188.820000000;50;9672872386;S
20240221;100349;188.810000000;10;9672872806;S
20240221;100350;188.810000000;10;9672872922;S
20240221;100350;188.890000000;110;9672873029;B
20240221;100350;188.900000000;460;9672873030;B
20240221;100350;188.930000000;120;9672873125;B
20240221;100351;188.930000000;10;9672873285;B
20240221;100351;188.900000000;100;9672873442;S
20240221;100352;188.900000000;10;9672873530;S
20240221;100353;188.900000000;10;9672873816;S
20240221;100354;188.900000000;10;9672874096;S
20240221;100354;188.900000000;10;9672874097;S
20240221;100355;188.810000000;10;9672874729;S
20240221;100356;188.860000000;160;9672875376;B
20240221;100358;188.860000000;10;9672876077;B
20240221;100358;188.890000000;20;9672876449;B
20240221;100359;188.890000000;20;9672876547;B
20240221;100402;188.880000000;10;9672877613;B
20240221;100402;188.880000000;200;9672877614;B
20240221;100402;188.880000000;690;9672877615;B
20240221;100403;188.840000000;1590;9672878022;S
20240221;100403;188.830000000;350;9672878023;S
20240221;100403;188.900000000;20;9672878049;B
20240221;100403;188.900000000;30;9672878072;B
20240221;100403;188.900000000;40;9672878173;B
20240221;100403;188.900000000;10;9672878246;B
20240221;100403;188.900000000;10;9672878403;B
20240221;100404;188.900000000;20;9672878645;B
20240221;100404;188.900000000;60;9672878715;B
20240221;100404;188.900000000;110;9672878742;B
20240221;100404;188.900000000;160;9672878773;B
20240221;100404;188.900000000;30;9672878846;B
20240221;100404;188.900000000;20;9672878867;B
20240221;100405;188.900000000;20;9672878974;B
20240221;100405;188.900000000;20;9672878995;B
20240221;100405;188.900000000;10;9672879055;B
20240221;100405;188.900000000;20;9672879081;B
20240221;100405;188.900000000;10;9672879173;B
20240221;100406;188.900000000;120;9672879215;B
20240221;100406;188.900000000;10;9672879343;B
20240221;100406;188.900000000;300;9672879379;B
20240221;100406;188.900000000;10;9672879392;B
20240221;100406;188.900000000;20;9672879519;B
20240221;100406;188.900000000;20;9672879548;B
20240221;100408;188.900000000;20;9672879985;B
20240221;100409;188.900000000;30;9672880835;B
20240221;100409;188.900000000;20;9672880926;B
20240221;100409;188.900000000;30;9672881300;B
20240221;100409;188.900000000;500;9672881318;B
20240221;100411;188.900000000;40;9672882047;B
20240221;100411;188.900000000;10;9672882090;B
20240221;100411;188.900000000;30;9672882130;B
20240221;100411;188.900000000;50;9672882156;B
20240221;100411;188.830000000;80;9672882163;S
20240221;100411;188.880000000;60;9672882434;B
20240221;100412;188.880000000;20;9672882514;B
20240221;100412;188.890000000;30;9672882515;B
20240221;100413;188.890000000;40;9672882883;B
20240221;100413;188.890000000;90;9672882940;B
20240221;100415;188.890000000;340;9672883349;B
20240221;100415;188.900000000;660;9672883350;B
20240221;100415;188.900000000;80;9672883458;B
20240221;100416;188.900000000;20;9672883787;B
20240221;100418;188.900000000;20;9672884258;B
20240221;100418;188.900000000;160;9672884300;B
20240221;100419;188.900000000;1000;9672884585;B
20240221;100419;188.870000000;100;9672884757;S
20240221;100421;188.900000000;170;9672885159;B
20240221;100421;188.890000000;1590;9672885164;S
20240221;100421;188.890000000;1000;9672885165;S
20240221;100421;188.880000000;3000;9672885166;S
20240221;100421;188.880000000;500;9672885167;S
20240221;100421;188.850000000;3000;9672885168;S
20240221;100421;188.850000000;910;9672885169;S
20240221;100421;188.900000000;40;9672885332;B
20240221;100421;188.900000000;10;9672885367;B
20240221;100422;188.900000000;10;9672885668;B
20240221;100422;188.900000000;30;9672885746;B
20240221;100422;188.900000000;170;9672886297;B
20240221;100422;188.900000000;160;9672886343;B
20240221;100422;188.900000000;170;9672886417;B
20240221;100423;188.900000000;40;9672886796;B
20240221;100423;188.900000000;30;9672886984;B
20240221;100423;188.890000000;10;9672887069;S
20240221;100423;188.890000000;20;9672887071;S
20240221;100424;188.900000000;30;9672887284;B
20240221;100426;188.890000000;70;9672887808;S
20240221;100426;188.890000000;10;9672887955;S
20240221;100427;188.900000000;10;9672888233;B
20240221;100427;188.900000000;20;9672888315;B
20240221;100427;188.900000000;10;9672888348;B
20240221;100428;188.900000000;20;9672888479;B
20240221;100430;188.900000000;20;9672889134;B
20240221;100430;188.900000000;400;9672889280;B
20240221;100431;188.810000000;10;9672889426;S
20240221;100431;188.890000000;10;9672889442;B
20240221;100432;188.900000000;10;9672889588;B
20240221;100432;188.900000000;10;9672889911;B
20240221;100433;188.890000000;10;9672890375;B
20240221;100434;188.890000000;70;9672890592;B
20240221;100435;188.890000000;10;9672891172;B
20240221;100437;188.890000000;10;9672891521;B
20240221;100437;188.890000000;20;9672891747;B
20240221;100437;188.900000000;30;9672891748;B
20240221;100438;188.900000000;80;9672892061;B
20240221;100439;188.890000000;10;9672892461;S
20240221;100439;188.830000000;170;9672892462;S
20240221;100439;188.810000000;200;9672892463;S
20240221;100439;188.890000000;10;9672892641;B
20240221;100441;188.890000000;90;9672892989;B
20240221;100442;188.810000000;60;9672893451;S
20240221;100442;188.890000000;10;9672893471;B
20240221;100442;188.890000000;50;9672893481;B
20240221;100443;188.890000000;10;9672893706;B
20240221;100443;188.900000000;10;9672893707;B
20240221;100443;188.900000000;30;9672893753;B
20240221;100443;188.890000000;10;9672893924;B
20240221;100446;188.890000000;10;9672894986;B
20240221;100446;188.900000000;90;9672894987;B
20240221;100447;188.890000000;20;9672895256;B
20240221;100447;188.900000000;160;9672895257;B
20240221;100447;188.900000000;30;9672895324;B
20240221;100447;188.900000000;200;9672895385;B
20240221;100447;188.900000000;40;9672895423;B
20240221;100449;188.900000000;10;9672895820;B
20240221;100450;188.890000000;50;9672896330;S
20240221;100451;188.900000000;20;9672896628;B
20240221;100452;188.840000000;30;9672896684;S
20240221;100452;188.840000000;180;9672896740;S
20240221;100452;188.840000000;1380;9672896741;S
20240221;100452;188.840000000;480;9672896747;S
20240221;100452;188.850000000;500;9672896882;B
20240221;100452;188.900000000;1500;9672896883;B
20240221;100455;188.900000000;30;9672897725;B
20240221;100455;188.900000000;10;9672897880;B
20240221;100456;188.830000000;10;9672898237;S
20240221;100456;188.830000000;1590;9672898238;S
20240221;100456;188.820000000;170;9672898239;S
20240221;100456;188.810000000;2000;9672898240;S
20240221;100456;188.810000000;110;9672898241;S
20240221;100456;188.800000000;500;9672898242;S
20240221;100456;188.800000000;50;9672898243;S
20240221;100456;188.800000000;100;9672898244;S
20240221;100456;188.800000000;500;9672898245;S
20240221;100456;188.800000000;570;9672898246;S
20240221;100456;188.760000000;500;9672898247;S
20240221;100456;188.730000000;2000;9672898248;S
20240221;100456;188.710000000;1370;9672898249;S
20240221;100456;188.700000000;500;9672898250;S
20240221;100457;188.700000000;30;9672898303;B
20240221;100457;188.740000000;10;9672898304;B
20240221;100457;188.680000000;150;9672898377;S
20240221;100457;188.680000000;1300;9672898378;S
20240221;100457;188.800000000;20;9672898413;B
20240221;100458;188.830000000;500;9672899085;B
20240221;100458;188.770000000;20;9672899090;S
20240221;100459;188.830000000;10;9672899140;B
20240221;100500;188.830000000;50;9672899570;B
20240221;100500;188.830000000;60;9672899760;B
20240221;100501;188.830000000;430;9672900342;B
20240221;100501;188.840000000;140;9672900343;B
20240221;100501;188.870000000;500;9672900344;B
20240221;100501;188.880000000;140;9672900345;B
20240221;100501;188.880000000;20;9672900346;B
20240221;100501;188.890000000;3200;9672900347;B
20240221;100501;188.900000000;2640;9672900348;B
20240221;100501;188.900000000;2330;9672900349;B
20240221;100502;188.770000000;30;9672900733;S
20240221;100502;188.740000000;170;9672900734;S
20240221;100502;188.730000000;70;9672900735;S
20240221;100502;188.800000000;10;9672900870;B
20240221;100503;188.720000000;80;9672901215;S
20240221;100503;188.720000000;80;9672901216;S
20240221;100503;188.710000000;880;9672901217;S
20240221;100503;188.710000000;170;9672901218;S
20240221;100503;188.700000000;200;9672901219;S
20240221;100503;188.700000000;560;9672901220;S
20240221;100503;188.690000000;60;9672901221;S
20240221;100503;188.670000000;180;9672901222;S
20240221;100503;188.660000000;110;9672901223;S
20240221;100503;188.660000000;1850;9672901224;S
20240221;100503;188.650000000;830;9672901225;S
20240221;100504;188.650000000;30;9672901309;S
20240221;100505;188.710000000;200;9672901634;B
20240221;100505;188.710000000;500;9672901635;B
20240221;100505;188.720000000;170;9672901636;B
20240221;100505;188.750000000;1050;9672901637;B
20240221;100505;188.790000000;280;9672901638;B
20240221;100505;188.790000000;200;9672901639;B
20240221;100505;188.800000000;1200;9672901640;B
20240221;100505;188.660000000;1200;9672901655;S
20240221;100505;188.660000000;170;9672901656;S
20240221;100505;188.650000000;1790;9672901657;S
20240221;100505;188.610000000;50;9672901658;S
20240221;100505;188.610000000;1790;9672901659;S
20240221;100507;188.610000000;10;9672902235;S
20240221;100507;188.710000000;10;9672902236;B
20240221;100508;188.690000000;100;9672902706;B
20240221;100508;188.690000000;10;9672902748;B
20240221;100510;188.610000000;10;9672903576;S
20240221;100510;188.610000000;190;9672903592;S
20240221;100510;188.610000000;10;9672903593;S
20240221;100510;188.600000000;300;9672903594;S
20240221;100511;188.670000000;100;9672903796;B
20240221;100513;188.660000000;10;9672904993;B
20240221;100513;188.600000000;10;9672905151;S
20240221;100514;188.600000000;190;9672905328;S
20240221;100514;188.600000000;10;9672905329;S
20240221;100514;188.600000000;300;9672905330;S
20240221;100515;188.650000000;10;9672905588;B
20240221;100515;188.650000000;160;9672905589;B
20240221;100515;188.670000000;40;9672905940;B
20240221;100516;188.670000000;30;9672906046;B
20240221;100516;188.600000000;50;9672906268;S
20240221;100517;188.660000000;10;9672906481;B
20240221;100520;188.660000000;500;9672907338;B
20240221;100520;188.620000000;170;9672907555;S
20240221;100520;188.610000000;530;9672907556;S
20240221;100520;188.600000000;290;9672907557;S
20240221;100521;188.680000000;10;9672907670;B
20240221;100524;188.680000000;10;9672908603;S
20240221;100524;188.660000000;10;9672908604;S
20240221;100525;188.660000000;20;9672909146;S
20240221;100525;188.660000000;20;9672909147;S
20240221;100526;188.600000000;1000;9672909225;S
20240221;100527;188.670000000;20;9672909794;B
20240221;100528;188.660000000;10;9672909971;B
20240221;100528;188.660000000;10;9672910259;B
20240221;100528;188.660000000;10;9672910392;B
20240221;100528;188.660000000;110;9672910430;B
20240221;100528;188.670000000;40;9672910431;B
20240221;100529;188.670000000;450;9672910520;B
20240221;100529;188.670000000;20;9672910588;B
20240221;100529;188.670000000;50;9672910734;B
20240221;100529;188.670000000;30;9672910920;B
20240221;100530;188.680000000;20;9672911001;B
20240221;100530;188.680000000;30;9672911083;B
20240221;100531;188.670000000;70;9672911480;B
20240221;100531;188.680000000;90;9672911481;B
20240221;100531;188.680000000;30;9672911528;B
20240221;100531;188.690000000;210;9672911529;B
20240221;100531;188.690000000;30;9672911593;B
20240221;100531;188.700000000;90;9672911594;B
20240221;100535;188.700000000;700;9672912847;B
20240221;100535;188.700000000;10;9672912856;B
20240221;100536;188.700000000;110;9672913392;B
20240221;100536;188.700000000;100;9672913443;B
20240221;100539;188.700000000;50;9672914096;B
20240221;100541;188.670000000;50;9672914706;S
20240221;100541;188.670000000;100;9672914731;S
20240221;100541;188.700000000;10;9672914764;B
20240221;100544;188.700000000;10;9672915676;B
20240221;100545;188.700000000;50;9672915787;B
20240221;100545;188.700000000;140;9672915820;B
20240221;100545;188.700000000;20;9672915862;B
20240221;100545;188.680000000;20;9672915899;S
20240221;100545;188.700000000;660;9672916041;B
20240221;100545;188.690000000;10;9672916136;S
20240221;100545;188.700000000;100;9672916272;B
20240221;100546;188.700000000;30;9672916392;B
20240221;100546;188.700000000;50;9672916431;B
20240221;100546;188.700000000;10;9672916454;B
20240221;100546;188.700000000;140;9672916634;B
20240221;100546;188.700000000;170;9672916698;B
20240221;100546;188.700000000;90;9672916702;B
20240221;100546;188.700000000;90;9672916704;B
20240221;100546;188.700000000;580;9672916742;B
20240221;100546;188.690000000;70;9672916776;S
20240221;100547;188.690000000;200;9672916991;S
20240221;100548;188.690000000;170;9672917537;B
20240221;100548;188.690000000;230;9672917591;B
20240221;100548;188.690000000;160;9672917645;B
20240221;100548;188.690000000;140;9672917646;B
20240221;100548;188.690000000;30;9672917683;B
20240221;100548;188.690000000;70;9672917845;B
20240221;100548;188.700000000;10;9672917846;B
20240221;100548;188.680000000;30;9672917865;S
20240221;100549;188.680000000;480;9672918080;S
20240221;100549;188.670000000;20;9672918081;S
20240221;100549;188.700000000;10;9672918220;B
20240221;100550;188.700000000;440;9672918396;B
20240221;100550;188.700000000;60;9672918397;B
20240221;100552;188.680000000;500;9672919121;S
20240221;100555;188.690000000;50;9672920331;B
20240221;100555;188.690000000;10;9672920414;B
20240221;100556;188.690000000;20;9672920465;B
20240221;100556;188.680000000;10;9672920553;S
20240221;100556;188.670000000;230;9672920554;S
20240221;100556;188.650000000;260;9672920555;S
20240221;100556;188.690000000;90;9672920604;B
20240221;100556;188.690000000;30;9672920647;B
20240221;100557;188.690000000;10;9672920976;B
20240221;100559;188.690000000;10;9672921246;B
20240221;100559;188.690000000;30;9672921495;B
20240221;100601;188.690000000;160;9672922175;B
20240221;100601;188.690000000;20;9672922243;B
20240221;100601;188.690000000;50;9672922333;B
20240221;100601;188.690000000;10;9672922400;B
20240221;100601;188.690000000;10;9672922479;B
20240221;100601;188.700000000;60;9672922480;B
20240221;100601;188.700000000;10;9672922512;B
20240221;100601;188.700000000;40;9672922540;B
20240221;100601;188.720000000;40;9672922541;B
20240221;100601;188.720000000;80;9672922756;B
20240221;100602;188.720000000;30;9672922814;B
20240221;100602;188.720000000;20;9672922874;B
20240221;100602;188.720000000;20;9672923003;B
20240221;100602;188.720000000;10;9672923164;B
20240221;100602;188.760000000;20;9672923214;B
20240221;100602;188.770000000;30;9672923301;B
20240221;100602;188.800000000;70;9672923506;B
20240221;100602;188.800000000;50;9672923507;B
20240221;100602;188.830000000;80;9672923513;B
20240221;100603;188.780000000;170;9672923695;S
20240221;100603;188.780000000;280;9672923696;S
20240221;100603;188.880000000;30;9672923998;B
20240221;100603;188.880000000;170;9672923999;B
20240221;100603;188.890000000;20;9672924096;B
20240221;100603;188.890000000;120;9672924097;B
20240221;100604;188.810000000;100;9672924192;S
20240221;100604;188.900000000;10;9672924252;B
20240221;100604;188.900000000;20;9672924253;B
20240221;100604;188.840000000;140;9672924443;S
20240221;100604;188.840000000;360;9672924444;S
20240221;100604;188.890000000;90;9672924615;B
20240221;100605;188.900000000;20;9672924659;B
20240221;100605;188.900000000;210;9672924802;B
20240221;100605;188.900000000;30;9672924803;B
20240221;100605;188.900000000;420;9672924804;B
20240221;100605;188.900000000;400;9672924805;B
20240221;100605;188.900000000;50;9672924806;B
20240221;100605;188.940000000;20;9672924807;B
20240221;100605;188.950000000;500;9672924808;B
20240221;100606;188.950000000;40;9672924966;S
20240221;100606;188.950000000;830;9672924972;S
20240221;100606;188.940000000;500;9672924973;S
20240221;100606;188.920000000;170;9672924974;S
20240221;100606;188.760000000;100;9672924975;B
20240221;100606;188.780000000;20;9672925105;S
20240221;100606;188.770000000;420;9672925106;S
20240221;100606;188.770000000;170;9672925107;S
20240221;100606;188.770000000;80;9672925108;S
20240221;100606;188.760000000;490;9672925109;S
20240221;100606;188.760000000;10;9672925110;S
20240221;100606;188.720000000;2810;9672925111;S
20240221;100606;188.700000000;40;9672925145;S
20240221;100607;188.790000000;170;9672925758;B
20240221;100607;188.800000000;160;9672925759;B
20240221;100607;188.700000000;10;9672925886;S
20240221;100607;188.700000000;10;9672925887;S
20240221;100607;188.790000000;20;9672925917;B
20240221;100607;188.790000000;30;9672925955;B
20240221;100608;188.790000000;120;9672926080;B
20240221;100609;188.720000000;30;9672926644;S
20240221;100609;188.720000000;20;9672926645;S
20240221;100609;188.710000000;20;9672926646;S
20240221;100609;188.700000000;430;9672926647;S
20240221;100610;188.710000000;160;9672927357;S
20240221;100610;188.700000000;60;9672927358;S
20240221;100610;188.700000000;30;9672927359;S
20240221;100610;188.720000000;30;9672927554;S
20240221;100610;188.800000000;640;9672927735;B
20240221;100613;188.850000000;170;9672929243;S
20240221;100613;188.840000000;50;9672929244;S
20240221;100613;188.840000000;490;9672929245;S
20240221;100613;188.820000000;260;9672929246;S
20240221;100613;188.740000000;30;9672929247;S
20240221;100614;188.930000000;100;9672929399;B
20240221;100614;188.940000000;10;9672929812;B
20240221;100615;188.760000000;10;9672930040;S
20240221;100615;188.760000000;40;9672930041;S
20240221;100615;188.920000000;20;9672930086;B
20240221;100616;188.760000000;10;9672930299;S
20240221;100616;188.760000000;30;9672930302;S
20240221;100617;188.810000000;270;9672930701;S
20240221;100617;188.800000000;100;9672930702;S
20240221;100617;188.770000000;170;9672930703;S
20240221;100617;188.760000000;290;9672930704;S
20240221;100617;188.760000000;210;9672930742;S
20240221;100618;188.880000000;10;9672931161;B
20240221;100619;188.920000000;80;9672931398;B
20240221;100619;188.930000000;170;9672931399;B
20240221;100619;188.940000000;290;9672931400;B
20240221;100619;188.950000000;1920;9672931401;B
20240221;100619;188.960000000;1050;9672931402;B
20240221;100619;188.980000000;500;9672931403;B
20240221;100619;188.980000000;500;9672931404;B
20240221;100619;188.990000000;1990;9672931405;B
20240221;100620;188.920000000;10;9672931647;B
20240221;100621;188.960000000;20;9672931960;B
20240221;100621;188.960000000;180;9672932142;B
20240221;100622;188.960000000;10;9672932186;B
20240221;100622;188.960000000;110;9672932228;B
20240221;100622;188.890000000;20;9672932371;S
20240221;100622;188.950000000;10;9672932488;B
20240221;100623;188.950000000;20;9672932559;B
20240221;100624;188.950000000;10;9672933050;B
20240221;100625;188.950000000;50;9672933138;B
20240221;100625;188.950000000;50;9672933165;B
20240221;100625;188.960000000;70;9672933166;B
20240221;100625;188.960000000;160;9672933287;B
20240221;100625;188.900000000;60;9672933308;S
20240221;100625;188.890000000;480;9672933309;S
20240221;100625;188.890000000;170;9672933310;S
20240221;100625;188.860000000;100;9672933311;S
20240221;100625;188.840000000;430;9672933312;S
20240221;100625;188.830000000;10;9672933313;S
20240221;100625;188.830000000;1920;9672933314;S
20240221;100625;188.820000000;1000;9672933315;S
20240221;100625;188.820000000;1000;9672933316;S
20240221;100625;188.820000000;1000;9672933317;S
20240221;100625;188.740000000;1970;9672933318;S
20240221;100625;188.720000000;80;9672933319;S
20240221;100625;188.710000000;1050;9672933320;S
20240221;100625;188.700000000;10;9672933321;S
20240221;100625;188.700000000;100;9672933322;S
20240221;100625;188.630000000;300;9672933323;S
20240221;100625;188.620000000;320;9672933324;S
20240221;100625;188.960000000;20;9672933334;B
20240221;100626;188.920000000;50;9672933550;B
20240221;100627;188.910000000;20;9672933956;B
20240221;100627;188.910000000;10;9672933984;B
20240221;100629;188.880000000;10;9672934717;B
20240221;100629;188.890000000;20;9672934718;B
20240221;100631;188.870000000;100;9672935177;B
20240221;100633;188.760000000;250;9672935538;S
20240221;100633;188.750000000;80;9672935539;S
20240221;100633;188.740000000;70;9672935540;S
20240221;100633;188.730000000;100;9672935541;S
20240221;100633;188.740000000;10;9672935661;S
20240221;100637;188.910000000;100;9672936964;B
20240221;100637;188.770000000;10;9672936996;S
20240221;100638;188.770000000;120;9672937402;S
20240221;100638;188.760000000;110;9672937403;S
20240221;100638;188.750000000;170;9672937404;S
20240221;100638;188.750000000;100;9672937405;S
20240221;100638;188.890000000;170;9672937409;B
20240221;100638;188.900000000;290;9672937410;B
20240221;100638;188.920000000;530;9672937411;B
20240221;100639;188.910000000;20;9672937502;B
20240221;100639;188.920000000;160;9672937503;B
20240221;100640;188.830000000;20;9672937779;S
20240221;100640;188.820000000;40;9672937780;S
20240221;100640;188.810000000;170;9672937781;S
20240221;100640;188.800000000;830;9672937782;S
20240221;100640;188.760000000;690;9672937783;S
20240221;100640;188.750000000;10;9672937784;S
20240221;100640;188.750000000;10;9672937785;S
20240221;100640;188.750000000;420;9672937786;S
20240221;100640;188.730000000;530;9672937787;S
20240221;100642;188.740000000;10;9672938663;S
20240221;100642;188.740000000;10;9672938697;S
20240221;100643;188.870000000;10;9672939055;B
20240221;100644;188.780000000;430;9672939433;B
20240221;100644;188.770000000;20;9672939599;S
20240221;100645;188.760000000;20;9672940095;S
20240221;100645;188.750000000;10;9672940096;S
20240221;100645;188.750000000;200;9672940098;S
20240221;100645;188.730000000;330;9672940099;S
20240221;100645;188.780000000;600;9672940544;B
20240221;100646;188.780000000;70;9672940731;B
20240221;100646;188.780000000;100;9672940959;B
20240221;100646;188.780000000;50;9672940994;B
20240221;100646;188.780000000;100;9672941031;B
20240221;100648;188.780000000;60;9672941674;B
20240221;100648;188.760000000;40;9672941869;S
20240221;100648;188.750000000;20;9672941870;S
20240221;100648;188.740000000;1000;9672941871;S
20240221;100648;188.730000000;440;9672941872;S
20240221;100648;188.780000000;100;9672941962;B
20240221;100649;188.780000000;90;9672942017;B
20240221;100649;188.740000000;60;9672942286;S
20240221;100649;188.730000000;840;9672942287;S
20240221;100650;188.780000000;50;9672942442;B
20240221;100650;188.780000000;170;9672942467;B
20240221;100653;188.780000000;10;9672943254;B
20240221;100657;188.880000000;80;9672944399;B
20240221;100657;188.890000000;20;9672944400;B
20240221;100658;188.870000000;10;9672944829;B
20240221;100700;188.900000000;50;9672945456;B
20240221;100702;188.800000000;10;9672946167;S
20240221;100702;188.790000000;90;9672946168;S
20240221;100702;188.780000000;10;9672946169;S
20240221;100702;188.770000000;10;9672946170;S
20240221;100702;188.750000000;170;9672946171;S
20240221;100702;188.750000000;10;9672946172;S
20240221;100702;188.740000000;170;9672946173;S
20240221;100702;188.730000000;390;9672946174;S
20240221;100702;188.730000000;90;9672946175;S
20240221;100702;188.720000000;50;9672946176;S
20240221;100703;188.880000000;100;9672946224;B
20240221;100703;188.880000000;10;9672946284;B
20240221;100703;188.780000000;10;9672946362;S
20240221;100703;188.740000000;70;9672946363;S
20240221;100703;188.730000000;100;9672946364;S
20240221;100703;188.730000000;80;9672946365;S
20240221;100703;188.720000000;170;9672946366;S
20240221;100703;188.710000000;50;9672946367;S
20240221;100703;188.710000000;400;9672946368;S
20240221;100703;188.710000000;2000;9672946369;S
20240221;100703;188.700000000;5000;9672946370;S
20240221;100703;188.700000000;260;9672946371;S
20240221;100703;188.650000000;460;9672946372;S
20240221;100704;188.640000000;40;9672946573;S
20240221;100704;188.640000000;20;9672946574;S
20240221;100704;188.630000000;1050;9672946575;S
20240221;100704;188.620000000;170;9672946576;S
20240221;100704;188.610000000;100;9672946577;S
20240221;100704;188.610000000;2000;9672946578;S
20240221;100704;188.610000000;10;9672946579;S
20240221;100704;188.600000000;360;9672946580;S
20240221;100704;188.600000000;100;9672946581;S
20240221;100704;188.600000000;100;9672946582;S
20240221;100704;188.600000000;10;9672946583;S
20240221;100704;188.600000000;10;9672946584;S
20240221;100704;188.600000000;100;9672946585;S
20240221;100704;188.600000000;100;9672946586;S
20240221;100704;188.600000000;830;9672946587;S
20240221;100705;188.760000000;10;9672946863;B
20240221;100708;188.760000000;10;9672947752;B
20240221;100716;188.620000000;100;9672949963;S
20240221;100716;188.610000000;40;9672949964;S
20240221;100716;188.600000000;460;9672949965;S
20240221;100718;188.720000000;100;9672950428;B
20240221;100718;188.720000000;70;9672950557;B
20240221;100718;188.730000000;230;9672950558;B
20240221;100720;188.720000000;100;9672951136;B
20240221;100720;188.630000000;170;9672951211;S
20240221;100720;188.620000000;330;9672951212;S
20240221;100722;188.760000000;50;9672951567;B
20240221;100722;188.760000000;500;9672951771;B
20240221;100723;188.630000000;130;9672951775;S
20240221;100723;188.630000000;10;9672951776;S
20240221;100723;188.630000000;500;9672951907;S
20240221;100723;188.630000000;40;9672951982;S
20240221;100723;188.620000000;140;9672951983;S
20240221;100726;188.740000000;20;9672952808;S
20240221;100726;188.750000000;10;9672952864;B
20240221;100726;188.770000000;90;9672952865;B
20240221;100726;188.630000000;20;9672953070;S
20240221;100727;188.770000000;20;9672953148;B
20240221;100727;188.640000000;10;9672953227;S
20240221;100727;188.630000000;50;9672953228;S
20240221;100727;188.620000000;590;9672953229;S
20240221;100727;188.620000000;40;9672953230;S
20240221;100727;188.620000000;10;9672953231;S
20240221;100727;188.620000000;170;9672953232;S
20240221;100727;188.610000000;10;9672953233;S
20240221;100727;188.610000000;10;9672953234;S
20240221;100727;188.610000000;220;9672953235;S
20240221;100727;188.740000000;100;9672953241;B
20240221;100728;188.730000000;10;9672953471;B
20240221;100728;188.750000000;170;9672953473;B
20240221;100728;188.760000000;20;9672953474;B
20240221;100729;188.750000000;170;9672953686;B
20240221;100729;188.760000000;30;9672953687;B
20240221;100730;188.770000000;10;9672954083;B
20240221;100735;188.700000000;100;9672955029;B
20240221;100736;188.700000000;100;9672955333;B
20240221;100737;188.670000000;10;9672955662;S
20240221;100739;188.660000000;10;9672956318;S
20240221;100740;188.660000000;30;9672956525;S
20240221;100740;188.770000000;110;9672956584;B
20240221;100740;188.780000000;400;9672956585;B
20240221;100740;188.780000000;30;9672956586;B
20240221;100740;188.780000000;200;9672956587;B
20240221;100740;188.800000000;10;9672956588;B
20240221;100740;188.830000000;1920;9672956589;B
20240221;100740;188.840000000;500;9672956590;B
20240221;100740;188.860000000;500;9672956591;B
20240221;100740;188.880000000;2330;9672956592;B
20240221;100748;188.900000000;290;9672958877;B
20240221;100748;188.770000000;70;9672958879;S
20240221;100748;188.740000000;170;9672958880;S
20240221;100748;188.730000000;10;9672958881;S
20240221;100748;188.720000000;310;9672958882;S
20240221;100748;188.700000000;10;9672958883;S
20240221;100748;188.690000000;80;9672958884;S
20240221;100748;188.660000000;40;9672958885;S
20240221;100748;188.650000000;1920;9672958886;S
20240221;100748;188.640000000;10;9672958887;S
20240221;100748;188.640000000;2330;9672958888;S
20240221;100748;188.770000000;90;9672959050;S
20240221;100748;188.730000000;50;9672959051;S
20240221;100751;188.820000000;170;9672959814;B
20240221;100751;188.840000000;830;9672959815;B
20240221;100753;188.670000000;10;9672960612;S
20240221;100753;188.650000000;100;9672960716;S
20240221;100754;188.770000000;10;9672960908;B
20240221;100754;188.770000000;50;9672960909;B
20240221;100754;188.770000000;10;9672960910;B
20240221;100754;188.780000000;410;9672960911;B
20240221;100754;188.790000000;20;9672960912;B
20240221;100754;188.700000000;120;9672960947;S
20240221;100754;188.650000000;50;9672960948;S
20240221;100754;188.650000000;170;9672960949;S
20240221;100754;188.640000000;660;9672960950;S
20240221;100756;188.760000000;170;9672961749;B
20240221;100756;188.770000000;280;9672961750;B
20240221;100756;188.780000000;380;9672961795;S
20240221;100757;188.790000000;30;9672962401;B
20240221;100757;188.790000000;530;9672962443;B
20240221;100758;188.690000000;50;9672962668;S
20240221;100758;188.660000000;170;9672962669;S
20240221;100758;188.650000000;240;9672962670;S
20240221;100758;188.770000000;20;9672962899;B
20240221;100758;188.770000000;120;9672962928;B
20240221;100758;188.780000000;100;9672962929;B
20240221;100759;188.750000000;70;9672963242;B
20240221;100759;188.760000000;80;9672963243;B
20240221;100759;188.760000000;100;9672963281;B
20240221;100800;188.760000000;70;9672963307;B
20240221;100800;188.650000000;60;9672963514;S
20240221;100801;188.650000000;110;9672963623;S
20240221;100801;188.650000000;760;9672963624;S
20240221;100801;188.640000000;50;9672963625;S
20240221;100801;188.640000000;420;9672963626;S
20240221;100801;188.630000000;1660;9672963627;S
20240221;100802;188.720000000;10;9672964015;B
20240221;100802;188.730000000;20;9672964016;B
20240221;100802;188.730000000;20;9672964046;B
20240221;100803;188.730000000;20;9672964356;B
20240221;100803;188.730000000;30;9672964370;B
20240221;100805;188.730000000;10;9672964622;B
20240221;100805;188.730000000;20;9672964871;B
20240221;100806;188.730000000;20;9672965080;B
20240221;100806;188.730000000;20;9672965122;B
20240221;100806;188.730000000;10;9672965251;B
20240221;100807;188.750000000;10;9672965468;B
20240221;100807;188.750000000;10;9672965469;B
20240221;100808;188.750000000;90;9672965759;B
20240221;100808;188.750000000;50;9672965788;B
20240221;100808;188.750000000;130;9672965803;B
20240221;100808;188.760000000;1920;9672965804;B
20240221;100808;188.770000000;600;9672965805;B
20240221;100808;188.800000000;5500;9672965806;B
20240221;100808;188.820000000;500;9672965807;B
20240221;100808;188.840000000;1050;9672965808;B
20240221;100808;188.850000000;500;9672965809;B
20240221;100808;188.860000000;300;9672965810;B
20240221;100808;188.880000000;150;9672965811;B
20240221;100808;188.880000000;5000;9672965812;B
20240221;100808;188.880000000;50;9672965813;B
20240221;100808;188.890000000;50;9672965814;B
20240221;100808;188.900000000;200;9672965815;B
20240221;100808;188.920000000;4050;9672965816;B
20240221;100810;188.810000000;10;9672966494;S
20240221;100810;188.950000000;80;9672966555;B
20240221;100812;188.930000000;50;9672966881;B
20240221;100812;188.800000000;10;9672966969;S
20240221;100814;188.930000000;10;9672967565;B
20240221;100814;188.930000000;40;9672967679;B
20240221;100814;188.930000000;270;9672967714;S
20240221;100815;188.940000000;30;9672967863;B
20240221;100816;188.940000000;30;9672968155;B
20240221;100816;188.940000000;20;9672968445;B
20240221;100817;188.830000000;10;9672968602;S
20240221;100817;188.810000000;10;9672968603;S
20240221;100817;188.810000000;150;9672968604;S
20240221;100818;188.930000000;10;9672968908;B
20240221;100818;188.940000000;10;9672968909;B
20240221;100818;188.810000000;170;9672968939;S
20240221;100818;188.800000000;560;9672968940;S
20240221;100818;188.810000000;10;9672968959;S
20240221;100818;188.810000000;160;9672968973;S
20240221;100818;188.800000000;230;9672968974;S
20240221;100819;188.790000000;90;9672969148;S
20240221;100820;188.800000000;10;9672969336;S
20240221;100820;188.790000000;30;9672969337;S
20240221;100820;188.900000000;100;9672969478;B
20240221;100820;188.900000000;60;9672969567;B
20240221;100820;188.900000000;10;9672969598;B
20240221;100820;188.900000000;10;9672969599;B
20240221;100820;188.910000000;90;9672969600;B
20240221;100820;188.910000000;10;9672969615;S
20240221;100821;188.880000000;50;9672969774;B
20240221;100821;188.910000000;50;9672969775;B
20240221;100823;188.930000000;10;9672970272;B
20240221;100824;188.930000000;10;9672970482;B
20240221;100826;188.930000000;170;9672971033;B
20240221;100827;188.870000000;30;9672971597;S
20240221;100827;188.860000000;10;9672971598;S
20240221;100827;188.860000000;120;9672971599;S
20240221;100831;188.920000000;10;9672972450;B
20240221;100831;188.930000000;10;9672972451;B
20240221;100832;188.930000000;500;9672972731;B
20240221;100833;188.930000000;30;9672973033;B
20240221;100834;188.930000000;20;9672973164;B
20240221;100836;188.890000000;10;9672973883;B
20240221;100838;188.900000000;100;9672975297;B
20240221;100839;188.900000000;10;9672975643;B
20240221;100839;188.910000000;40;9672975644;B
20240221;100840;188.910000000;300;9672975985;B
20240221;100840;188.910000000;500;9672975986;B
20240221;100842;188.910000000;10;9672976464;B
20240221;100842;188.910000000;590;9672976513;B
20240221;100842;188.930000000;130;9672976514;B
20240221;100842;188.980000000;10;9672976515;B
20240221;100842;188.990000000;70;9672976516;B
20240221;100842;188.990000000;20;9672976517;B
20240221;100842;188.990000000;1050;9672976518;B
20240221;100842;189.000000000;10;9672976519;B
20240221;100842;189.000000000;10;9672976520;B
20240221;100842;189.000000000;50;9672976521;B
20240221;100842;189.000000000;200;9672976522;B
20240221;100842;189.000000000;100;9672976523;B
20240221;100842;189.000000000;500;9672976524;B
20240221;100842;189.040000000;260;9672976525;B
20240221;100842;189.070000000;80;9672976526;B
20240221;100842;189.080000000;500;9672976527;B
20240221;100842;189.100000000;50;9672976528;B
20240221;100842;189.100000000;1920;9672976529;B
20240221;100842;189.100000000;1050;9672976530;S
20240221;100842;189.110000000;400;9672976531;B
20240221;100842;189.100000000;20;9672976532;S
20240221;100842;189.100000000;60;9672976536;S
20240221;100842;189.110000000;20;9672976570;B
20240221;100842;189.110000000;30;9672976615;B
20240221;100843;189.110000000;50;9672976636;B
20240221;100843;189.120000000;40;9672976637;B
20240221;100843;189.130000000;180;9672976638;B
20240221;100843;189.180000000;400;9672976640;B
20240221;100843;189.170000000;120;9672976762;B
20240221;100843;189.180000000;650;9672976763;B
20240221;100843;189.190000000;10;9672976764;B
20240221;100843;189.200000000;50;9672976765;B
20240221;100843;189.230000000;500;9672976766;B
20240221;100843;189.250000000;50;9672976767;B
20240221;100843;189.280000000;560;9672976768;B
20240221;100843;189.290000000;2400;9672976769;B
20240221;100843;189.300000000;50;9672976770;B
20240221;100843;189.300000000;1590;9672976771;B
20240221;100843;189.330000000;500;9672976772;B
20240221;100843;189.350000000;4000;9672976773;B
20240221;100843;189.400000000;50;9672976774;B
20240221;100843;189.420000000;40;9672976775;B
20240221;100843;189.450000000;5000;9672976776;B
20240221;100843;189.220000000;80;9672976785;B
20240221;100843;189.460000000;420;9672976786;B
20240221;100843;189.460000000;160;9672976787;B
20240221;100843;189.420000000;800;9672976788;B
20240221;100844;189.400000000;30;9672976952;B
20240221;100844;189.380000000;40;9672976996;B
20240221;100846;189.240000000;150;9672977502;S
20240221;100846;189.150000000;80;9672977504;S
20240221;100846;189.150000000;300;9672977505;S
20240221;100846;189.130000000;170;9672977506;S
20240221;100846;189.120000000;1590;9672977507;S
20240221;100846;189.100000000;1520;9672977508;S
20240221;100846;188.890000000;30;9672977542;S
20240221;100847;188.940000000;70;9672977613;S
20240221;100849;189.050000000;10;9672978151;B
20240221;100852;189.050000000;10;9672979043;B
20240221;100853;189.050000000;10;9672979549;B
20240221;100854;189.050000000;140;9672979656;B
20240221;100854;189.050000000;500;9672979657;B
20240221;100854;189.090000000;1590;9672979658;B
20240221;100854;189.090000000;70;9672979659;B
20240221;100854;189.100000000;2700;9672979660;B
20240221;100854;188.960000000;170;9672979716;S
20240221;100854;188.940000000;540;9672979717;S
20240221;100854;188.910000000;10;9672979718;S
20240221;100854;188.900000000;10;9672979744;B
20240221;100855;188.900000000;10;9672979995;B
20240221;100856;188.900000000;10;9672980237;B
20240221;100856;188.880000000;50;9672980249;S
20240221;100856;188.860000000;20;9672980250;S
20240221;100856;188.850000000;220;9672980251;S
20240221;100856;188.900000000;500;9672980343;B
20240221;100856;188.900000000;700;9672980344;B
20240221;100856;188.900000000;670;9672980345;B
20240221;100856;188.920000000;130;9672980346;B
20240221;100856;188.950000000;10;9672980677;B
20240221;100858;188.950000000;10;9672981044;B
20240221;100858;188.950000000;50;9672981087;B
20240221;100859;188.950000000;100;9672981477;B
20240221;100859;188.960000000;240;9672981478;B
20240221;100859;188.960000000;10;9672981499;B
20240221;100859;188.960000000;10;9672981562;B
20240221;100902;188.850000000;30;9672982176;S
20240221;100907;188.960000000;500;9672983524;S
20240221;100908;188.970000000;30;9672983860;B
20240221;100909;188.970000000;1560;9672983905;B
20240221;100909;188.970000000;500;9672983906;B
20240221;100909;188.980000000;290;9672983907;B
20240221;100909;188.980000000;50;9672983908;B
20240221;100909;189.000000000;50;9672983909;B
20240221;100909;189.080000000;100;9672984031;B
20240221;100910;189.010000000;170;9672984243;S
20240221;100910;189.000000000;830;9672984244;S
20240221;100912;189.060000000;70;9672984863;B
20240221;100912;189.000000000;100;9672984895;S
20240221;100916;189.060000000;70;9672985878;B
20240221;100916;189.070000000;60;9672985879;B
20240221;100916;189.000000000;6400;9672985887;S
20240221;100918;188.990000000;10;9672986606;B
20240221;100921;188.940000000;50;9672987297;S
20240221;100921;188.960000000;20;9672987387;B
20240221;100926;188.960000000;10;9672988705;B
20240221;100927;188.960000000;10;9672988742;B
20240221;100929;188.910000000;200;9672989427;S
20240221;100931;188.960000000;530;9672989929;B
20240221;100931;188.960000000;10;9672990141;B
20240221;100933;188.910000000;310;9672990613;S
20240221;100933;188.900000000;100;9672990614;S
20240221;100933;188.860000000;170;9672990615;S
20240221;100933;188.850000000;230;9672990616;S
20240221;100933;188.850000000;50;9672990617;S
20240221;100933;188.850000000;50;9672990618;S
20240221;100933;188.850000000;200;9672990619;S
20240221;100933;188.850000000;70;9672990620;S
20240221;100933;188.850000000;10;9672990621;S
20240221;100933;188.840000000;30;9672990622;S
20240221;100933;188.820000000;10;9672990623;S
20240221;100933;188.820000000;250;9672990624;S
20240221;100933;188.830000000;20;9672990649;S
20240221;100933;188.940000000;10;9672990770;B
20240221;100936;188.910000000;10;9672991378;S
20240221;100936;188.900000000;10;9672991461;B
20240221;100939;188.890000000;20;9672992925;B
20240221;100942;188.900000000;10;9672993547;B
20240221;100942;188.900000000;10;9672993670;B
20240221;100943;188.900000000;50;9672993797;B
20240221;100943;188.900000000;20;9672993800;B
20240221;100944;188.830000000;20;9672993989;S
20240221;100944;188.830000000;10;9672994049;B
20240221;100944;188.860000000;20;9672994050;B
20240221;100946;188.860000000;50;9672994521;B
20240221;100946;188.860000000;40;9672994735;B
20240221;100947;188.770000000;100;9672994907;S
20240221;100948;188.860000000;60;9672995150;B
20240221;100948;188.870000000;140;9672995151;B
20240221;100950;188.920000000;10;9672995914;B
20240221;100952;188.920000000;60;9672996349;B
20240221;100952;188.920000000;110;9672996350;B
20240221;100952;188.920000000;100;9672996426;B
20240221;100953;188.920000000;20;9672996694;B
20240221;100953;188.920000000;40;9672996723;B
20240221;100953;188.920000000;30;9672996750;B
20240221;100954;188.910000000;90;9672996999;B
20240221;100955;188.950000000;10;9672997389;B
20240221;100955;188.950000000;10;9672997394;B
20240221;100956;188.900000000;30;9672997672;S
20240221;100956;188.950000000;130;9672997673;B
20240221;100956;188.950000000;10;9672997726;B
20240221;100958;188.950000000;10;9672998039;B
20240221;100958;188.950000000;30;9672998075;B
20240221;100958;188.960000000;10;9672998076;B
20240221;100958;188.970000000;10;9672998077;B
20240221;100958;188.920000000;10;9672998125;S
20240221;101001;188.900000000;30;9672999166;S
20240221;101004;188.980000000;20;9672999928;B
20240221;101005;188.910000000;50;9673000405;S
20240221;101011;188.920000000;10;9673002152;S
20240221;101017;188.920000000;10;9673004328;S
20240221;101017;188.910000000;40;9673004329;S
20240221;101017;188.910000000;10;9673004330;S
20240221;101017;188.910000000;20;9673004331;S
20240221;101017;188.900000000;140;9673004332;S
20240221;101017;188.890000000;300;9673004333;S
20240221;101017;188.860000000;10;9673004334;S
20240221;101017;188.860000000;20;9673004335;S
20240221;101017;188.820000000;1010;9673004336;S
20240221;101018;188.910000000;50;9673004746;B
20240221;101019;188.910000000;10;9673004876;B
20240221;101019;188.920000000;170;9673004877;B
20240221;101019;188.930000000;1590;9673004878;B
20240221;101019;188.940000000;500;9673004879;B
20240221;101019;188.960000000;90;9673004880;B
20240221;101019;188.980000000;50;9673004881;B
20240221;101019;188.990000000;1010;9673004882;B
20240221;101019;188.990000000;300;9673004883;B
20240221;101019;189.000000000;1600;9673004884;B
20240221;101019;189.000000000;150;9673004885;B
20240221;101019;189.000000000;10;9673004886;B
20240221;101019;189.000000000;50;9673004887;B
20240221;101019;189.000000000;1000;9673004888;B
20240221;101019;189.000000000;40;9673004889;B
20240221;101019;189.000000000;210;9673004890;B
20240221;101019;189.000000000;200;9673004891;B
20240221;101019;189.060000000;1050;9673004892;B
20240221;101019;189.070000000;500;9673004893;B
20240221;101019;189.100000000;3640;9673004894;B
20240221;101019;189.230000000;10;9673004895;B
20240221;101019;189.240000000;2200;9673004896;B
20240221;101019;189.270000000;80;9673004897;B
20240221;101019;189.290000000;280;9673004898;B
20240221;101019;189.300000000;5000;9673004899;B
20240221;101019;189.310000000;260;9673004900;B
20240221;101019;189.250000000;50;9673004933;B
20240221;101019;189.250000000;30;9673004997;B
20240221;101023;189.250000000;30;9673005967;B
20240221;101023;189.190000000;50;9673006072;S
20240221;101023;189.240000000;10;9673006114;B
20240221;101025;189.250000000;30;9673006690;B
20240221;101026;189.250000000;20;9673006797;B
20240221;101026;189.250000000;40;9673006854;B
20240221;101026;189.250000000;80;9673006888;B
20240221;101026;189.250000000;20;9673007312;B
20240221;101027;189.250000000;30;9673007418;B
20240221;101028;189.260000000;300;9673007772;S
20240221;101028;189.240000000;1700;9673007773;B
20240221;101030;189.340000000;20;9673008373;B
20240221;101030;189.330000000;120;9673008449;B
20240221;101030;189.330000000;20;9673008477;B
20240221;101031;189.290000000;50;9673008613;B
20240221;101032;189.290000000;50;9673008935;B
20240221;101032;189.300000000;230;9673008976;B
20240221;101032;189.340000000;100;9673009037;B
20240221;101032;189.350000000;10;9673009078;B
20240221;101035;189.330000000;170;9673009697;B
20240221;101036;189.360000000;50;9673010362;B
20240221;101037;189.370000000;40;9673010423;B
20240221;101037;189.280000000;100;9673010466;S
20240221;101037;189.280000000;100;9673010467;S
20240221;101037;189.360000000;10;9673010504;B
20240221;101037;189.360000000;60;9673010526;B
20240221;101037;189.360000000;10;9673010635;B
20240221;101037;189.360000000;10;9673010723;B
20240221;101038;189.360000000;10;9673010900;B
20240221;101040;189.290000000;80;9673011786;S
20240221;101041;189.340000000;10;9673012145;B
20240221;101041;189.340000000;70;9673012392;B
20240221;101041;189.350000000;70;9673012393;B
20240221;101042;189.370000000;100;9673012559;B
20240221;101044;189.320000000;10;9673013186;S
20240221;101045;189.250000000;10;9673013737;S
20240221;101045;189.250000000;140;9673013738;S
20240221;101045;189.230000000;170;9673013739;S
20240221;101045;189.210000000;150;9673013740;S
20240221;101046;189.280000000;20;9673014003;B
20240221;101046;189.270000000;170;9673014121;B
20240221;101046;189.270000000;500;9673014122;B
20240221;101046;189.290000000;1000;9673014123;B
20240221;101046;189.300000000;1050;9673014124;B
20240221;101046;189.450000000;500;9673014125;B
20240221;101046;189.480000000;400;9673014126;B
20240221;101046;189.500000000;50;9673014127;B
20240221;101046;189.500000000;500;9673014128;B
20240221;101046;189.500000000;1050;9673014129;S
20240221;101046;189.500000000;300;9673014130;S
20240221;101046;189.500000000;1000;9673014131;S
20240221;101046;189.500000000;400;9673014132;S
20240221;101046;189.500000000;1280;9673014133;S
20240221;101046;189.500000000;100;9673014134;S
20240221;101046;189.470000000;70;9673014135;S
20240221;101046;189.470000000;100;9673014136;S
20240221;101046;189.500000000;100;9673014138;B
20240221;101046;189.320000000;200;9673014139;B
20240221;101046;189.320000000;170;9673014140;B
20240221;101046;189.320000000;130;9673014141;B
20240221;101046;189.220000000;170;9673014142;B
20240221;101046;189.220000000;30;9673014143;B
20240221;101050;189.280000000;10;9673015330;B
20240221;101052;189.300000000;40;9673015664;B
20240221;101052;189.300000000;10;9673015799;B
20240221;101052;189.300000000;120;9673015801;B
20240221;101052;189.300000000;330;9673015802;B
20240221;101054;189.300000000;150;9673016604;B
20240221;101056;189.320000000;140;9673017013;B
20240221;101058;189.340000000;10;9673017430;B
20240221;101058;189.280000000;10;9673017447;B
20240221;101100;189.340000000;10;9673017824;B
20240221;101103;189.320000000;20;9673018669;S
20240221;101103;189.290000000;10;9673018670;S
20240221;101106;189.320000000;10;9673019276;B
20240221;101107;189.300000000;30;9673019421;S
20240221;101108;189.250000000;10;9673019769;S
20240221;101108;189.250000000;80;9673019770;S
20240221;101108;189.240000000;90;9673019773;S
20240221;101109;189.230000000;10;9673019867;S
20240221;101109;189.230000000;10;9673019868;S
20240221;101109;189.230000000;170;9673019869;S
20240221;101109;189.240000000;4860;9673019870;S
20240221;101109;189.200000000;10;9673019871;S
20240221;101109;189.200000000;50;9673019872;S
20240221;101110;189.180000000;80;9673020423;B
20240221;101110;189.180000000;170;9673020424;B
20240221;101110;189.180000000;150;9673020425;B
20240221;101112;189.200000000;40;9673020623;B
20240221;101112;189.200000000;60;9673020624;B
20240221;101112;189.230000000;200;9673020804;B
20240221;101113;189.230000000;100;9673020830;B
20240221;101113;189.100000000;170;9673021084;S
20240221;101113;189.090000000;430;9673021085;S
20240221;101121;189.050000000;100;9673022934;S
20240221;101123;189.120000000;80;9673023805;B
20240221;101123;189.130000000;170;9673023806;B
20240221;101123;189.140000000;500;9673023807;B
20240221;101123;189.140000000;1050;9673023808;B
20240221;101123;189.310000000;20;9673023809;B
20240221;101123;189.320000000;500;9673023810;B
20240221;101123;189.370000000;80;9673023811;B
20240221;101123;189.400000000;10;9673023812;B
20240221;101123;189.410000000;1590;9673023813;B
20240221;101123;189.410000000;150;9673023814;B
20240221;101123;189.420000000;310;9673023815;B
20240221;101123;189.440000000;540;9673023816;B
20240221;101125;189.190000000;40;9673024164;S
20240221;101125;189.180000000;170;9673024165;S
20240221;101125;189.180000000;80;9673024166;S
20240221;101125;189.170000000;210;9673024167;S
20240221;101126;189.240000000;60;9673024457;B
20240221;101126;189.160000000;170;9673024519;S
20240221;101126;189.150000000;80;9673024520;S
20240221;101126;189.140000000;60;9673024521;S
20240221;101126;189.140000000;60;9673024522;S
20240221;101126;189.140000000;80;9673024523;S
20240221;101126;189.120000000;300;9673024524;S
20240221;101126;189.090000000;1920;9673024525;S
20240221;101126;189.080000000;2330;9673024526;S
20240221;101127;189.080000000;10;9673024862;S
20240221;101128;189.080000000;10;9673025110;S
20240221;101129;189.140000000;40;9673025209;B
20240221;101135;189.100000000;10;9673026675;S
20240221;101136;189.100000000;10;9673026846;B
20240221;101138;189.100000000;10;9673027203;B
20240221;101138;189.100000000;20;9673027296;B
20240221;101146;189.110000000;80;9673029175;B
20240221;101146;189.130000000;170;9673029176;B
20240221;101146;189.150000000;50;9673029177;B
20240221;101147;189.150000000;10;9673029310;B
20240221;101147;189.100000000;30;9673029328;S
20240221;101147;189.080000000;10;9673029329;S
20240221;101148;189.150000000;120;9673029427;B
20240221;101148;189.170000000;190;9673029428;B
20240221;101149;189.180000000;200;9673029909;B
20240221;101149;189.100000000;150;9673029983;S
20240221;101149;189.100000000;170;9673029984;S
20240221;101149;189.090000000;80;9673029985;S
20240221;101149;189.070000000;290;9673029986;S
20240221;101149;189.070000000;10;9673029987;S
20240221;101149;189.060000000;1800;9673029988;S
20240221;101153;189.100000000;100;9673030918;S
20240221;101153;189.100000000;100;9673030929;S
20240221;101154;189.100000000;20;9673031078;B
20240221;101156;189.060000000;40;9673031712;S
20240221;101159;189.100000000;20;9673032349;B
20240221;101200;189.100000000;360;9673032500;B
20240221;101200;189.100000000;1800;9673032501;B
20240221;101200;189.100000000;30;9673032502;B
20240221;101200;189.110000000;80;9673032503;B
20240221;101200;189.130000000;170;9673032504;B
20240221;101200;189.150000000;500;9673032505;B
20240221;101200;189.180000000;850;9673032506;B
20240221;101200;189.200000000;10;9673032507;B
20240221;101200;189.220000000;60;9673032508;B
20240221;101200;189.290000000;50;9673032509;B
20240221;101200;189.290000000;1590;9673032510;B
20240221;101200;189.300000000;20;9673032511;B
20240221;101200;189.300000000;640;9673032512;B
20240221;101200;189.310000000;80;9673032513;B
20240221;101200;189.310000000;20;9673032514;B
20240221;101200;189.310000000;300;9673032515;B
20240221;101200;189.320000000;500;9673032516;B
20240221;101200;189.360000000;1400;9673032517;B
20240221;101200;189.440000000;460;9673032518;B
20240221;101200;189.460000000;410;9673032519;B
20240221;101200;189.470000000;10;9673032520;B
20240221;101200;189.470000000;660;9673032521;B
20240221;101201;189.150000000;80;9673032610;S
20240221;101201;189.140000000;170;9673032611;S
20240221;101201;189.140000000;30;9673032612;S
20240221;101201;189.130000000;300;9673032613;S
20240221;101201;189.120000000;250;9673032614;S
20240221;101203;189.100000000;50;9673033114;S
20240221;101204;189.120000000;10;9673033238;B
20240221;101204;189.130000000;10;9673033276;B
20240221;101205;189.100000000;50;9673033505;S
20240221;101205;189.060000000;160;9673033506;S
20240221;101205;189.050000000;50;9673033507;S
20240221;101205;189.040000000;10;9673033508;S
20240221;101205;189.040000000;80;9673033509;S
20240221;101205;189.030000000;350;9673033510;S
20240221;101205;189.020000000;50;9673033511;S
20240221;101205;189.020000000;170;9673033512;S
20240221;101205;189.010000000;20;9673033513;S
20240221;101205;189.010000000;10;9673033514;S
20240221;101205;189.010000000;20;9673033515;S
20240221;101205;189.010000000;410;9673033516;S
20240221;101205;189.000000000;50;9673033517;S
20240221;101205;189.000000000;10;9673033518;S
20240221;101205;189.000000000;560;9673033519;S
20240221;101206;189.100000000;160;9673033800;B
20240221;101206;189.100000000;10;9673033881;B
20240221;101206;189.110000000;540;9673033882;B
20240221;101206;189.090000000;10;9673034062;B
20240221;101206;189.100000000;50;9673034144;B
20240221;101207;189.100000000;20;9673034363;B
20240221;101209;189.080000000;80;9673034937;B
20240221;101210;189.100000000;30;9673035447;B
20240221;101211;189.100000000;20;9673035645;B
20240221;101211;189.110000000;20;9673035698;B
20240221;101216;189.090000000;10;9673037051;B
20240221;101217;189.090000000;10;9673037085;B
20240221;101220;189.090000000;50;9673037740;B
20240221;101220;189.090000000;50;9673037741;B
20240221;101221;189.060000000;1000;9673038071;S
20240221;101221;189.050000000;80;9673038072;S
20240221;101221;189.040000000;170;9673038073;S
20240221;101221;189.000000000;1440;9673038074;S
20240221;101221;189.000000000;500;9673038075;S
20240221;101221;189.000000000;10;9673038076;S
20240221;101221;189.000000000;10;9673038077;S
20240221;101221;189.000000000;10;9673038078;S
20240221;101221;188.990000000;500;9673038079;S
20240221;101221;188.980000000;1220;9673038080;S
20240221;101221;188.980000000;20;9673038107;B
20240221;101221;188.920000000;10;9673038112;S
20240221;101221;188.910000000;10;9673038113;S
20240221;101222;188.910000000;10;9673038190;S
20240221;101222;188.900000000;40;9673038191;S
20240221;101222;188.990000000;10;9673038215;B
20240221;101222;188.990000000;20;9673038279;B
20240221;101223;188.970000000;20;9673038718;B
20240221;101223;188.910000000;20;9673038752;S
20240221;101223;188.900000000;80;9673038753;S
20240221;101223;188.960000000;30;9673038760;B
20240221;101224;188.940000000;1000;9673038880;S
20240221;101224;188.950000000;10;9673039030;B
20240221;101224;188.960000000;20;9673039082;B
20240221;101226;188.950000000;380;9673039540;B
20240221;101226;188.950000000;50;9673039541;B
20240221;101226;188.970000000;150;9673039542;B
20240221;101226;188.970000000;80;9673039543;B
20240221;101226;188.990000000;1590;9673039544;B
20240221;101226;189.000000000;2750;9673039545;B
20240221;101226;188.990000000;30;9673039624;B
20240221;101228;188.990000000;400;9673040092;B
20240221;101229;188.910000000;20;9673040469;S
20240221;101229;188.980000000;20;9673040548;B
20240221;101230;188.980000000;50;9673040754;B
20240221;101230;188.980000000;90;9673041135;B
20240221;101230;188.980000000;30;9673041179;B
20240221;101230;188.990000000;20;9673041180;B
20240221;101231;188.990000000;10;9673041211;B
20240221;101231;188.990000000;20;9673041364;B
20240221;101231;188.990000000;10;9673041461;B
20240221;101231;188.910000000;20;9673041504;S
20240221;101231;188.900000000;30;9673041505;S
20240221;101233;188.900000000;10;9673041884;S
20240221;101233;188.900000000;100;9673041885;S
20240221;101233;188.900000000;20;9673041886;S
20240221;101233;188.900000000;120;9673041887;S
20240221;101233;188.900000000;50;9673042021;S
20240221;101233;188.900000000;10;9673042022;B
20240221;101233;188.900000000;240;9673042023;B
20240221;101234;188.890000000;30;9673042165;S
20240221;101234;188.900000000;30;9673042177;B
20240221;101235;188.900000000;10;9673042397;B
20240221;101236;188.900000000;40;9673042954;B
20240221;101237;188.900000000;170;9673043130;B
20240221;101237;188.900000000;170;9673043173;B
20240221;101237;188.880000000;50;9673043243;S
20240221;101237;188.880000000;20;9673043244;S
20240221;101238;188.890000000;10;9673043526;B
20240221;101239;188.900000000;10;9673043575;B
20240221;101240;188.890000000;10;9673043959;B
20240221;101241;188.890000000;50;9673043966;B
20240221;101241;188.900000000;10;9673044220;B
20240221;101242;188.900000000;1000;9673044374;B
20240221;101245;188.890000000;50;9673045162;B
20240221;101246;188.900000000;40;9673045861;B
20240221;101249;188.890000000;10;9673046718;B
20240221;101250;188.890000000;30;9673047106;B
20240221;101250;188.890000000;10;9673047135;B
20240221;101250;188.890000000;20;9673047533;B
20240221;101250;188.900000000;20;9673047534;B
20240221;101250;188.900000000;60;9673047582;B
20240221;101251;188.900000000;10;9673048104;B
20240221;101251;188.900000000;130;9673048137;B
20240221;101251;188.900000000;10;9673048138;B
20240221;101251;188.930000000;20;9673048275;S
20240221;101251;188.890000000;70;9673048276;S
20240221;101251;188.890000000;170;9673048277;S
20240221;101251;188.880000000;160;9673048278;S
20240221;101252;188.990000000;20;9673048788;B
20240221;101253;189.000000000;10;9673048992;B
20240221;101253;189.000000000;100;9673049075;B
20240221;101253;189.040000000;70;9673049168;B
20240221;101253;189.040000000;170;9673049169;B
20240221;101253;189.050000000;10;9673049170;B
20240221;101253;189.050000000;80;9673049171;B
20240221;101253;189.060000000;50;9673049172;B
20240221;101253;189.060000000;1380;9673049173;B
20240221;101253;189.070000000;500;9673049174;B
20240221;101253;189.090000000;250;9673049175;B
20240221;101253;189.100000000;1500;9673049176;B
20240221;101253;189.120000000;10;9673049177;B
20240221;101253;189.140000000;30;9673049178;B
20240221;101253;189.150000000;1050;9673049179;B
20240221;101253;189.220000000;300;9673049180;B
20240221;101253;189.230000000;500;9673049181;B
20240221;101253;189.290000000;600;9673049182;B
20240221;101253;189.300000000;30;9673049183;B
20240221;101253;189.330000000;190;9673049184;B
20240221;101253;189.340000000;1590;9673049185;B
20240221;101253;189.350000000;520;9673049186;B
20240221;101253;189.250000000;20;9673049264;B
20240221;101254;189.250000000;40;9673049311;B
20240221;101254;189.260000000;10;9673049312;B
20240221;101254;189.130000000;70;9673049534;S
20240221;101254;189.130000000;170;9673049535;S
20240221;101254;189.130000000;190;9673049536;S
20240221;101254;189.090000000;300;9673049537;S
20240221;101254;189.070000000;80;9673049538;S
20240221;101254;189.070000000;500;9673049539;S
20240221;101254;188.990000000;160;9673049540;S
